2000 3450
268 251 308 292 or
323 250 430 292 urnvrs
444 241 642 318 caucalide.
770 253 825 312 157

78 373 166 431 axilla
181 375 297 432 'iterum
319 385 496 452 separantur,
517 380 679 459 iterumque
700 387 823 464 conjun-

79 476 201 544 guntur,
215 469 427 547 eoque'plerum
440 472 586 532 acillarem
599 476 731 538 formant.

124 746 166 786 DE
181 746 289 787 Nerium
307 747 777 798 rxrrtmssrnwtrweunlouuu.

121 915 155 982 Q.
169 915 231 974 Dic
239 916 311 974 mihi
324 918 448 978 breviter
460 940 572 992 nervos,
587 925 638 1002 qui
650 925 739 1003 plexu
751 927 822 986 axil-

76 1008 131 1066 lari
145 1010 284 1080 oriantur,
299 1030 454 1089 eorumque
467 1015 718 1078 distributionem?

117 1106 156 1162 R.
177 1105 204 1161 Ε
217 1105 305 1182 plexu
318 1105 429 1163 axillari
447 1108 538 1186 aliqui
551 1113 628 1169 nervi
640 1114 732 1190 exigui
743 1136 821 1175 mus-
916 1178 922 1185 ,

76 1199 152 1257 culis
163 1199 428 1275 integumentisque
440 1201 554 1262 humeri
567 1211 596 1259 ct
614 1205 738 1264 thoracis
756 1209 823 1266 mit-

76 1302 182 1350 tuntur
189 1315 199 1362 ς
213 1293 295 1349 nervi
308 1293 395 1350 ctiam
406 1296 505 1372 magni
518 1295 587 1353 inde
594 1297 735 1369 oriuntur,
749 1302 824 1360 scili.

77 1398 135 1456 cet,
147 1386 303 1466 scapularis
316 1396 345 1444 et
354 1389 523 1460 articularis,
535 1391 586 1469 qui
599 1393 736 1452 musculis
749 1395 823 1455 circa

76 1481 233 1540 articulum
246 1481 360 1538 humeri
372 1482 587 1542 distribuuntur
594 1508 605 1556 ,·
618 1495 757 1559 cutonem,
771 1492 821 1567 qui
921 1533 924 1542 i

75 1573 287 1651 integumentis
303 1574 413 1632 brachii
431 1576 623 1654 dispergitur3
644 1573 822 1641 musculo-col

76 1680 177 1733 laneus
189 1669 250 1728 sive
258 1669 409 1747 perforans
424 1670 544 1740 Coroni,
565 1673 615 1750 qui
632 1674 669 1732 ad
688 1675 822 1752 pollicem

76 1786 171 1843 neque
184 1764 342 1835 descendit,
355 1775 442 1841 atquc
451 1765 589 1824 musculis
600 1776 631 1824 et
640 1768 822 1845 integumen.

75 1861 115 1918 tis
128 1859 254 1916 ramulos
274 1859 377 1917 sucin
396 1878 483 1917 cursu
502 1859 610 1930 mittit3
630 1861 752 1939 epirulir,
772 1865 823 1939 qui

76 1953 217 2012 musculis
229 1953 352 2024 humeri,
365 1953 483 2024 brachii,
495 1954 616 2033 pollicis,
627 1968 656 2013 et
665 1956 823 2034 digitorum

76 2052 178 2119 trium,
191 2049 317 2107 ramulos
334 2050 499 2121 distribuit3
519 2051 660 2111 medianus
672 2052 732 2111 sive
744 2054 823 2112 radi-

75 2147 142 2214 olir,
154 2143 206 2222 qui
219 2161 272 2201 suo
284 2143 316 2201 in
329 2162 414 2202 cursu
427 2146 566 2204 musculis
577 2148 702 2208 ramulos
714 2147 774 2219 dat,'
793 2158 824 2207 et

75 2240 110 2296 in
123 2240 219 2316 pulmd
232 2238 386 2309 termInut5
405 2241 521 2310 cinaris,
541 2243 592 2319 qui
611 2242 749 2301 musculis
768 2243 821 2299 eti·
895 2268 898 2275 ⁴

76 2353 126 2391 am
139 2333 249 2393 brachii
259 2342 289 2389 ct
298 2332 464 2410 digitorum,
479 2338 646 2413 praesertim
655 2335 767 2394 minimi
778 2334 821 2391 di·

74 2427 142 2506 giti,
157 2436 187 2485 et
199 2426 321 2505 palmae,
334 2426 518 2507 dispergitur.

285 2693 324 2734 or
338 2694 447 2737 uraris
460 2694 619 2735 rnonrcis.

96 2920 100 2929 ι
120 2848 155 2914 Q.
176 2847 234 2905 Dic
247 2846 318 2904 mihi
332 2849 474 2927 originem
484 2866 657 2929 cursumque
667 2867 818 2908 nervorum

79 2941 305 3020 diaphragmatis
317 2944 327 3001 l

480 3043 496 3083 1¹
