2000 3450
221 318 262 358 nn
275 318 455 360 eunucuunn
474 319 650 361 onsonimoi.
749 306 804 362 185

57 439 163 497 timum
174 439 367 499 sinistrorsum
378 442 506 511 inclinat,
516 461 640 518 moxque
649 442 802 522 diaphrag-

59 553 110 590 ma
122 544 262 609 penetrat,
277 534 381 593 deinde
395 536 425 592 in
438 535 631 593 ventriculum
641 537 754 596 desinit.

102 625 137 691 Q.
158 630 239 704 Quot
251 629 362 687 tunicas
375 629 462 687 habet
474 629 671 706 oesophagus?

100 724 138 781 R.
159 724 302 795 Quatuor,
313 724 430 792 scilicet,
438 723 601 793 collatorem,
615 726 800 796 musculosam,

58 835 198 884 ueroeam,
211 828 240 875 et
252 816 384 875 intimam
397 818 456 876 eive
469 818 601 876 villosum.

101 911 137 976 Q.
158 911 218 971 Dic
230 911 310 981 mihi,
324 931 398 988 quae
416 911 454 969 de
474 913 531 971 illis
551 912 657 971 tunicis
676 913 802 972 notendo

61 1004 139 1063 sint?
698 997 702 1005 ’

100 1099 138 1156 R.
150 1090 271 1157 'Tunica
284 1099 426 1157 oellularis
440 1100 543 1157 tubum
556 1102 686 1177 partibus
699 1102 801 1160 vicinis

58 1192 206 1263 mneotit3
219 1192 382 1251 musculosa
394 1211 430 1249 ex
439 1193 535 1250 stratis
543 1193 679 1250 fibrarum
689 1194 801 1252 duobus

60 1295 182 1356 oonotot,
196 1305 319 1363 quorum
329 1297 479 1344 externum
490 1286 689 1344 fibrosvolidao
699 1286 804 1351 inlom
847 1302 849 1309 ·

60 1379 202 1457 gitudine,
225 1380 373 1439 internum
386 1383 453 1439 vero
466 1379 562 1459 priore
580 1380 697 1439 tenuius
716 1381 801 1439 fibrae

61 1475 244 1533 transversim
259 1476 289 1532 in
303 1476 385 1533 orbes
398 1475 529 1546 ordinat3
548 1493 653 1532 nervea
671 1484 715 1533 est
734 1477 803 1534 sub·
841 1474 844 1479 ’

58 1567 165 1625 stantia
177 1569 326 1637 cellelario,
340 1590 414 1648 quoe
426 1568 617 1628 musculosam
630 1570 745 1627 tunicae
757 1569 803 1628 in.

59 1660 147 1719 timae
160 1663 294 1734 annectit,
315 1674 401 1742 atque
412 1662 554 1721 folliculos
572 1681 691 1720 mutum
710 1682 802 1721 secer.

60 1765 161 1814 nentes
173 1757 303 1815 eontinet
310 1780 320 1828 3
334 1758 436 1815 intima
449 1756 545 1814 tenuis
558 1764 611 1824 est,
626 1764 656 1812 et
668 1755 757 1832 plicas
770 1756 804 1814 in
847 1795 851 1804 .

60 1849 241 1926 longitudine
253 1851 397 1909 ordinatae
408 1850 506 1917 habet,
515 1866 598 1924 quae,
607 1848 674 1905 bolo
683 1848 802 1906 descen·
839 1893 841 1898 ,

58 1942 156 2013 dente,
180 1944 369 2021 explicantur,
391 1943 564 2020 facilemque
585 1941 755 2001 descensum
775 1942 803 2001 ei

60 2036 91 2095 in
107 2038 301 2098 ventriculum
314 2040 393 2098 dant.
802 2031 805 2044 ⁸

102 2131 136 2199 Q.
157 2133 262 2192 Nonne
274 2135 372 2193 tunica
384 2135 486 2193 intima
498 2151 584 2192 muco
596 2131 757 2193 oblinitur?
801 2119 805 2128 ’

100 2226 138 2284 R.
158 2226 291 2286 Folliculi
301 2228 376 2287 inter
385 2229 513 2287 tunicum
521 2227 712 2287 musculosam
720 2235 749 2285 et
759 2226 802 2286 in·

59 2319 160 2381 timum
173 2323 221 2380 siti
234 2341 351 2382 mutum
365 2333 526 2394 secernunt,
540 2322 592 2400 qui
604 2321 746 2379 infaciem
756 2320 802 2378 in.

58 2424 170 2473 ternam
184 2415 339 2496 oesophagi
351 2415 524 2486 infunditur,
544 2434 665 2492 eamque
683 2413 802 2474 humec-

58 2516 113 2577 tat,
126 2518 213 2587 atque
224 2510 357 2581 lubricat,
377 2509 605 2586 descensumque
616 2507 676 2570 boli
694 2505 802 2566 lucilio·

61 2619 123 2658 rem
134 2602 238 2662 reddit.

101 2694 135 2761 Q
155 2697 214 2757 eui
226 2697 292 2756 usui
305 2697 482 2776 oesophogue
495 2695 634 2755 inservit?

100 2791 138 2850 R.
157 2791 348 2870 Oesophogue
361 2793 439 2850 cibos
452 2791 488 2848 ab
498 2808 547 2847 ore
554 2797 584 2846 et
592 2788 743 2868 phorynge
752 2806 802 2845 ex.

60 2885 146 2964 cipit,
166 2896 230 2952 tum
243 2886 332 2954 fibrae
350 2886 413 2966 ejus
431 2881 609 2948 muectdoeoe
627 2893 804 2942 transvenae

62 2981 151 3060 ⁸⁰9¹&
163 2980 258 3061 primo
271 2980 432 3058 stimulatae
451 2996 513 3042 tete
531 2975 713 3046 contrahunt,
736 2971 802 3032 reli«
910 2987 912 2996 v
