2000 3450
298 276 338 315 nu
353 274 530 318 sruucroua
547 281 621 320 coar.
705 260 706 263 ’
772 268 828 322 195

86 403 141 478 git,
153 402 244 477 jecur,
268 401 423 459 vesiculam
440 402 515 459 fellis
528 412 614 478 atque
626 402 827 475 ventriculum,

85 494 194 550 deinde
207 512 304 550 arcum
319 508 458 570 magnum
471 494 540 551 facit
552 505 753 566 transversum,
774 499 829 554 sub
932 492 937 497 ⁵

87 587 164 644 liene
176 586 258 644 lateri
278 587 393 645 sinistro
411 587 578 656 innectitur,
598 597 662 645 tum
681 588 829 648 descendit

87 681 830 759 anterenumsinistrum,flexuramquesigmoideam

86 773 202 842 format,
222 785 252 831 et
271 775 396 852 denique
415 776 445 832 in
466 786 545 834 recto
557 776 699 834 terminat.
739 777 830 835 colon

88 866 180 942 igitur
200 869 231 924 in
252 870 331 926 omni
351 870 468 945 regione
486 870 658 939 abdominis,
673 869 831 927 umbilicali

88 965 219 1038 exceptat,
234 963 322 1020 situm
336 954 429 1021 habet.

130 1054 166 1118 Q·
188 1057 302 1127 Quibus
315 1060 447 1134 partibus
458 1059 542 1116 colon
557 1061 761 1118 eonnectitur?

129 1151 166 1209 R.
188 1154 261 1209 Cum
275 1171 338 1209 osse
350 1152 401 1221 ilii,
421 1173 490 1210 reue
510 1154 621 1222 dextro,
633 1155 738 1230 jecora,
760 1173 830 1212 ven-

89 1245 205 1314 triculo,
219 1245 327 1322 splene,
341 1264 411 1302 rene
424 1246 548 1316 sinistro,
567 1258 654 1323 atque
666 1267 730 1304 osse
742 1266 830 1316 mero,

91 1339 256 1415 peritonaeo
268 1339 467 1422 committitur.

102 1475 105 1480 -
133 1433 166 1497 Q.
189 1433 268 1509 Quid
282 1433 319 1490 de
332 1435 424 1510 cupite
434 1454 518 1494 caeco
528 1435 583 1493 coli
597 1435 755 1512 intelligis?

132 1528 170 1585 R.
185 1527 267 1585 Infra
278 1527 365 1584 finem
378 1527 426 1584 ilei
440 1528 523 1585 colon
536 1549 595 1586 non
608 1528 723 1606 longius
733 1528 832 1607 digitis

90 1620 184 1678 tribus
211 1620 257 1678 vel
280 1632 404 1697 quatuor
429 1622 596 1678 transversis
619 1622 752 1699 pervium
777 1635 830 1690 eat,

90 1713 190 1792 itaque
201 1715 232 1772 id
246 1715 416 1793 plerumque
430 1725 517 1797 caput
529 1734 646 1773 caecum
664 1715 719 1773 coli
738 1710 831 1773 nomi-

92 1818 188 1865 natur.

133 1901 167 1966 Q.
187 1903 254 1973 Qua
267 1902 298 1959 in
312 1912 395 1979 parte
407 1903 545 1981 appendia
553 1901 734 1978 vermfformis
746 1906 809 1959 est?

131 1999 169 2056 R.
190 1997 302 2054 Pendet
314 1998 351 2054 ab
363 1997 421 2054 ima
434 2008 516 2073 parte
526 1997 590 2065 coli,
604 1996 715 2054 etiamsi
728 1996 834 2072 partim

91 2090 191 2168 pervia
208 2091 254 2160 ait,
274 2091 422 2147 materiam
440 2102 537 2148 tamen
549 2090 738 2149 faeculentam
758 2109 834 2148 nun·

92 2205 180 2261 quarn
190 2185 321 2262 excipere
335 2184 458 2253 videtur,
471 2185 541 2261 quia
552 2186 583 2243 in
593 2189 710 2244 caecum
718 2184 834 2261 oblique

93 2279 225 2354 patescit.

133 2369 170 2434 Q.
188 2361 270 2443 Quid
283 2369 320 2428 de
330 2370 484 2449 ligamentis
497 2373 551 2430 coli
566 2373 726 2450 intelligis?

132 2470 170 2526 R.
191 2468 295 2526 Fibrae
308 2467 420 2523 externi
433 2469 515 2525 strati
529 2469 707 2526 musculosae
719 2487 772 2544 per
789 2479 836 2526 to·

92 2570 153 2618 tam
166 2560 223 2619 coli
235 2558 448 2635 longitudinem
462 2560 617 2636 dispositae
635 2561 667 2617 in
685 2561 836 2619 fasciculos

92 2664 152 2712 tres
170 2654 355 2730 colliguntur,
376 2652 427 2728 qui
447 2662 547 2728 utpote
567 2654 720 2721 breviores,
741 2664 836 2727 partes

93 2757 219 2805 caeteras
232 2755 397 2823 corrugant,
410 2755 498 2822 atque
510 2746 666 2824 ligamenta
680 2746 768 2823 vulgo
780 2748 835 2806 coli

94 2851 243 2899 uocantur.
361 2827 365 2836 ¹

135 2933 170 2998 Q„
191 2934 272 2991 Num
286 2935 415 2993 valvulae
428 2935 614 2993 conniventes
627 2935 658 2993 in
671 2935 734 2994 colo
747 2935 836 2992 sunt?
