2000 3450
293 193 622 272 arremarensem
754 218 821 288 ,121

85 350 199 421 tebrali,
223 368 275 408 suo
287 366 356 426 pare
368 348 463 407 lateris
479 349 605 420 ulterius,
628 362 657 410 et
675 355 825 432 temporali

87 444 284 521 conjungitur.

128 539 163 606 Q.
184 535 299 615 Quibus
312 536 442 615 partibus
455 538 595 615 posterior
607 540 683 599 auris
701 543 825 602 ramulos

88 631 257 690 distribuit?
879 613 886 636 ¹

127 727 167 784 R.
176 775 177 780 χ
187 726 328 784 Posterior
342 726 420 784 aura
433 727 588 803 glandulae
600 727 733 805 parotidi,
747 747 825 788 mus·

89 819 163 877 culis
175 820 288 890 vicinis,
309 830 338 879 et
349 821 565 899 integumentis,
582 830 731 900 tympano,
751 823 828 882 aliis·
862 811 867 822 ’

89 931 147 990 que
159 905 290 990 partibus
302 915 389 985 auris,
403 916 549 992 pmcessui
561 916 719 975 mastoideo
731 936 828 976 ramu-

90 1006 134 1065 los
145 1006 245 1077 mittit,
269 1018 299 1066 et
311 1009 397 1066 etiam
411 1027 476 1066 eum
489 1009 608 1066 ramulis
620 1010 738 1070 arteriae
756 1022 828 1071 tem-
919 1020 922 1024 ’

91 1099 206 1177 patalis,
220 1111 250 1160 et
261 1102 419 1180 occipimlis
432 1100 631 1161 communicat.

134 1194 169 1259 Q.
188 1196 304 1268 Quibus
316 1197 386 1255 locis
398 1193 553 1254 maxillaris
566 1195 679 1253 interna
690 1198 829 1258 mittitur?

131 1292 170 1351 R.
190 1290 353 1349 Maxillarir
363 1291 473 1346 intem
486 1288 548 1346 auri
567 1296 598 1346 et
609 1289 739 1366 partibus
751 1293 779 1349 ei
788 1293 832 1351 vi·

94 1386 166 1446 einis
187 1383 313 1443 mmulos
335 1385 393 1452 dat,
419 1391 505 1459 atque
528 1382 695 1461 meningeum
716 1387 832 1445 mediam

94 1479 211 1550 emittit,
224 1497 298 1556 quae
310 1478 438 1536 cranium
451 1477 645 1554 perforamen
664 1480 773 1558 spinule
788 1481 833 1539 in.

94 1573 234 1653 greditur,
248 1579 278 1630 et
289 1571 378 1630 durae
390 1571 476 1629 mani
488 1571 679 1647 pulcherrimo
691 1574 833 1653 dispergi.

95 1680 143 1728 tur
150 1692 160 1740 3
174 1665 329 1727 maxillaris
338 1664 451 1725 iuterna
459 1673 606 1742 praeterea
613 1666 744 1725 arteriam
754 1688 834 1728 max.

95 1764 205 1822 illarem
222 1760 395 1831 inferiorem,
416 1776 490 1837 quae
510 1759 638 1816 canalem
657 1760 834 1820 maxillrrem

97 1857 262 1917 inferiorem
274 1855 372 1923 intrat,
385 1852 580 1930 dentibusque
591 1851 724 1911 maxillae
735 1853 834 1912 inseri.

98 1952 155 2011 oris
168 1950 295 2008 surculos
307 1949 413 2018 mittit3
435 1946 646 2025 pterygoideas,
666 1949 835 2025 temporales

97 2044 273 2125 profundas3
295 2042 452 2110 buccalem
475 2042 613 2101 mussulis
634 2040 765 2121 ejusdem
782 2063 835 2103 no·

98 2142 186 2201 minis
196 2163 205 2210 3
227 2137 397 2196 alveolarem
410 2134 466 2193 ossi
478 2136 578 2207 malae,
592 2145 674 2196 antro
685 2138 834 2210 maxillari,

100 2233 225 2302 alveolis,
238 2230 365 2309 gingivis
377 2240 407 2289 et
420 2229 555 2289 dentibus
567 2230 699 2290 maxillae
708 2233 835 2309 superio-

99 2331 140 2389 ris
149 2352 160 2399 3
182 2322 419 2384 infra-orbitalem
431 2324 574 2400 periosteo
593 2333 623 2382 et
643 2324 780 2383 musculis
804 2324 836 2382 in

99 2422 193 2482 fundo
205 2420 324 2488 orbitae,
344 2435 423 2476 saeco
434 2417 611 2494 lachrymali,
624 2427 715 2485 antro,
728 2416 838 2475 ossibus

103 2524 133 2575 et
144 2512 302 2581 dentibuss
325 2509 480 2588 palatinam
499 2508 675 2587 superiorem
696 2507 757 2566 sive
774 2508 839 2568 des·

104 2608 275 2668 uendentem
288 2603 392 2682 palato,
412 2602 538 2673 alveolis,
557 2611 587 2660 et
606 2619 694 2670 naso3
715 2600 840 2679 pbaryn·

105 2721 189 2779 geum
209 2699 395 2777 superiorem,
413 2708 443 2757 et
455 2696 581 2755 nasalem
594 2695 705 2753 cellulis
722 2695 842 2755 ethmoi·

106 2793 178 2865 deis,
190 2803 284 2871 ,septo
301 2793 423 2863 narium,
446 2789 558 2850 ossibus
571 2789 739 2869 spongioais,
752 2809 842 2850 mem-
867 2864 872 2869 ἱ

201 2909 207 2920 ·
504 2887 531 2929 ar
