2000 3450
386 237 425 280 oa
439 239 550 279 curso.
779 230 836 282 205

144 365 177 432 Q.
198 363 280 435 Quae
303 360 430 420 chemica
451 362 594 439 principia
617 363 719 440 chylus
745 366 835 423 conti-

101 462 171 515 net?

138 551 175 608 R.
194 551 352 619 Albumen‚
366 549 514 607 materiam
525 548 658 607 Fibrinae
669 549 747 607 hand
760 553 835 610 absi·

100 641 206 711 milem,
227 641 379 701 Materiam
391 640 549 719 adiposam,
569 642 725 700 Muriatem
738 643 835 702 Potas-

100 755 155 806 sae,
169 735 431 812 Pro-Phosphatem
447 735 537 805 Ferri,
551 735 696 795 continet:
711 756 777 795 cum
790 757 835 796 re·

25 806 26 875 l
99 829 213 888 siduum
226 838 292 906 post
304 828 518 902 distillationem
535 830 722 900 comburitur,
742 831 835 888 Muri·

25 940 26 943 ’
98 932 173 982 atem
191 923 291 992 Sodae,
312 923 499 981 Carbonatem
521 923 620 992 Sodae,
642 924 834 1003 Phosphatem

98 1016 198 1086 calcis,
213 1025 242 1073 et
255 1015 406 1093 vestigium
418 1015 509 1093 Oxidi
518 1016 599 1073 Ferri
609 1019 734 1094 praebet.
753 1021 833 1077 Ana·

97 1110 166 1188 lysis
185 1110 248 1186 ejus
267 1119 364 1167 autem
384 1108 478 1166 adhuc
497 1127 598 1169 manca
617 1119 648 1167 et
666 1112 833 1191 imperfecta

97 1212 148 1274 est,
162 1204 230 1280 quia
243 1202 361 1279 cbylum
374 1221 480 1278 purum
499 1202 531 1257 in
551 1202 711 1278 quantitate
730 1203 832 1261 idonei

96 1296 132 1355 ad
145 1296 339 1374 experimenta
351 1293 529 1353 instituenda
549 1293 683 1372 colligere
702 1295 832 1354 difficilli-

96 1409 176 1448 mum
186 1398 238 1448 est.
919 1380 922 1385 Δ

133 1484 167 1549 Q.
191 1486 238 1542 An
259 1483 361 1562 chylus
380 1491 424 1542 est
442 1501 509 1561 pars
523 1481 637 1543 tenuior
656 1483 763 1561 thymi,
784 1485 830 1543 vel

92 1579 210 1636 materia
222 1597 295 1635 nova
308 1588 337 1635 et
349 1578 483 1661 diversa?

130 1672 169 1732 12.
189 1670 273 1730 Nova
285 1671 402 1730 materia
416 1670 612 1731 videturesse.

131 1768 166 1833 Q.
187 1766 340 1838 Quomodo
352 1765 383 1822 id
395 1764 467 1822 mihi
479 1757 606 1842 probas?

19 1893 20 1922 f
129 1862 167 1918 R.
187 1860 264 1932 Quia
276 1859 378 1936 chylus
391 1878 485 1937 neque
497 1859 529 1917 in
548 1861 642 1918 colore
654 1879 748 1937 neque
760 1880 826 1937 pro·

90 1954 259 2033 prietatibus
278 1953 411 2011 chemicis
431 1954 536 2012 similat
555 1954 701 2032 chymum,
719 1974 754 2011 ex
766 1974 825 2031 quo

89 2048 198 2107 scilicet
210 2047 330 2105 efficitur
347 2047 552 2106 mutationibus
565 2048 701 2107 chemicis
719 2048 823 2118 adhuc,

87 2142 239 2201 fatendum
251 2151 303 2211 est,
319 2141 422 2219 parium
434 2142 566 2219 cognitis.

130 2236 168 2303 Qe
178 2225 327 2312 Chylusne
340 2237 433 2295 bonus
443 2245 473 2294 et
481 2238 624 2314 perfectus
636 2237 667 2296 in
681 2238 823 2299 intestinis

84 2332 248 2388 formatur?

83 2445 89 2450 ·
123 2425 163 2482 R.
186 2424 222 2481 In
234 2423 377 2482 intestinis
392 2426 467 2484 certe
479 2426 629 2484 conficitur
641 2424 752 2501 chylus,
772 2427 823 2499 qui

84 2537 138 2596 per
150 2516 301 2594 glandulas
314 2505 511 2577 mesentericaa
521 2517 694 2590 transeundo
701 2517 822 2576 albidior

83 2600 274 2687 a'lbidiorque,
292 2620 332 2679 et,
353 2611 506 2669 verisimile
516 2621 567 2680 est,
587 2612 685 2688 purior
701 2611 822 2670 evadere

82 2704 208 2762 videtur.
224 2705 260 2762 In
270 2704 455 2781 pulmonibus
465 2714 560 2762 autem
570 2723 718 2782 processus
728 2705 820 2784 chyli.

80 2795 232 2868 flectionis,
247 2807 280 2856 ut
288 2808 429 2871 censetur,
443 2799 587 2877 perfectus
595 2797 732 2859 redditur.

162 2900 166 2908 ·
388 2935 391 2939 Δ
480 2897 499 2940 s
