<?xml version="1.0" encoding="UTF-8"?>
<!DOCTYPE html PUBLIC "-//W3C//DTD XHTML 1.0 Transitional//EN"
    "http://www.w3.org/TR/xhtml1/DTD/xhtml1-transitional.dtd">
<html xmlns="http://www.w3.org/1999/xhtml" xml:lang="en" lang="en">
 <head>
  <title>
</title>
<meta http-equiv="Content-Type" content="text/html;charset=utf-8" />
  <meta name='ocr-system' content='tesseract 3.04.00' />
  <meta name='ocr-capabilities' content='ocr_page ocr_carea ocr_par ocr_line ocrx_word'/>
</head>
<body>
  <div class='ocr_page' id='page_1' title='image "./colloquiaanatom01robegoog_0224.png"; bbox 0 0 2000 3450; ppageno 0'>
   <div class='ocr_carea' id='block_1_1' title="bbox 3 2967 16 3023">
    <p class='ocr_par' dir='ltr' id='par_1_1' title="bbox 3 2967 16 3023">
     <span class='ocr_line' id='line_1_1' title="bbox 3 2967 16 3023; baseline 0 0"><span class='ocrx_word' id='word_1_1' title='bbox 3 2967 16 3023; x_wconf 80' lang='lat' dir='ltr'>l</span> 
     </span>
    </p>
   </div>
   <div class='ocr_carea' id='block_1_2' title="bbox 183 247 691 316">
    <p class='ocr_par' dir='ltr' id='par_1_2' title="bbox 183 247 691 316">
     <span class='ocr_line' id='line_1_2' title="bbox 183 247 691 316; baseline 0.004 -11"><span class='ocrx_word' id='word_1_2' title='bbox 183 247 240 316; x_wconf 81' lang='lat'>196</span> <span class='ocrx_word' id='word_1_3' title='bbox 407 265 691 308; x_wconf 78' lang='lat' dir='ltr'>nucaututrscoui.</span> 
     </span>
    </p>
   </div>
   <div class='ocr_carea' id='block_1_3' title="bbox 159 387 930 2989">
    <p class='ocr_par' dir='ltr' id='par_1_3' title="bbox 177 387 930 840">
     <span class='ocr_line' id='line_1_3' title="bbox 218 387 921 468; baseline 0.001 -18"><span class='ocrx_word' id='word_1_4' title='bbox 218 392 256 450; x_wconf 81' lang='lat' dir='ltr'>R.</span> <span class='ocrx_word' id='word_1_5' title='bbox 277 391 356 459; x_wconf 88' lang='lat' dir='ltr'>Non,</span> <span class='ocrx_word' id='word_1_6' title='bbox 369 389 420 449; x_wconf 85' lang='lat' dir='ltr'>sed</span> <span class='ocrx_word' id='word_1_7' title='bbox 432 390 509 448; x_wconf 89' lang='lat' dir='ltr'>inter</span> <span class='ocrx_word' id='word_1_8' title='bbox 518 390 674 468; x_wconf 82' lang='lat' dir='ltr'>ligamenta</span> <span class='ocrx_word' id='word_1_9' title='bbox 686 387 843 450; x_wconf 78' lang='lat' dir='ltr'>intervallis</span> <span class='ocrx_word' id='word_1_10' title='bbox 855 394 921 450; x_wconf 73' lang='lat' dir='ltr'>bre«</span> 
     </span>
     <span class='ocr_line' id='line_1_4' title="bbox 180 480 920 560; baseline 0.003 -20"><span class='ocrx_word' id='word_1_11' title='bbox 180 484 264 540; x_wconf 80' lang='lat' dir='ltr'>vibus</span> <span class='ocrx_word' id='word_1_12' title='bbox 283 494 364 560; x_wconf 82' lang='lat' dir='ltr'>septa</span> <span class='ocrx_word' id='word_1_13' title='bbox 379 492 539 540; x_wconf 84' lang='lat' dir='ltr'>transversa</span> <span class='ocrx_word' id='word_1_14' title='bbox 559 480 680 539; x_wconf 80' lang='lat' dir='ltr'>valvulis</span> <span class='ocrx_word' id='word_1_15' title='bbox 699 483 920 542; x_wconf 80' lang='lat' dir='ltr'>conniventibus</span> 
     </span>
     <span class='ocr_line' id='line_1_5' title="bbox 177 574 930 652; baseline 0.008 -20"><span class='ocrx_word' id='word_1_16' title='bbox 177 574 782 652; x_wconf 75' lang='lat' dir='ltr'>subsimiliaintcrponuntur,quaecellulaa</span> <span class='ocrx_word' id='word_1_17' title='bbox 790 576 930 639; x_wconf 66' lang='lat' dir='ltr'>colicon.</span> 
     </span>
     <span class='ocr_line' id='line_1_6' title="bbox 177 669 919 746; baseline 0.003 -19"><span class='ocrx_word' id='word_1_18' title='bbox 177 670 312 740; x_wconf 74' lang='lat' dir='ltr'>atituunt</span> <span class='ocrx_word' id='word_1_19' title='bbox 326 688 506 746; x_wconf 78' lang='lat' dir='ltr'>massamque</span> <span class='ocrx_word' id='word_1_20' title='bbox 523 669 730 727; x_wconf 82' lang='lat' dir='ltr'>alimentariam</span> <span class='ocrx_word' id='word_1_21' title='bbox 744 670 775 727; x_wconf 89' lang='lat' dir='ltr'>in</span> <span class='ocrx_word' id='word_1_22' title='bbox 794 671 919 729; x_wconf 83' lang='lat' dir='ltr'>transitu</span> 
     </span>
     <span class='ocr_line' id='line_1_7' title="bbox 178 763 511 840; baseline -0.003 -20"><span class='ocrx_word' id='word_1_23' title='bbox 178 763 328 839; x_wconf 77' lang='lat' dir='ltr'>paululum</span> <span class='ocrx_word' id='word_1_24' title='bbox 338 763 511 840; x_wconf 87' lang='lat' dir='ltr'>impediunt.</span> 
     </span>
    </p>

    <p class='ocr_par' dir='ltr' id='par_1_4' title="bbox 176 858 916 1023">
     <span class='ocr_line' id='line_1_8' title="bbox 218 858 916 936; baseline 0.006 -20"><span class='ocrx_word' id='word_1_25' title='bbox 218 860 253 924; x_wconf 80' lang='lat' dir='ltr'>Q.</span> <span class='ocrx_word' id='word_1_26' title='bbox 275 862 324 917; x_wconf 82' lang='lat' dir='ltr'>An</span> <span class='ocrx_word' id='word_1_27' title='bbox 346 868 426 936; x_wconf 78' lang='lat' dir='ltr'>septa</span> <span class='ocrx_word' id='word_1_28' title='bbox 445 858 656 916; x_wconf 74' lang='lat' dir='ltr'>transversario</span> <span class='ocrx_word' id='word_1_29' title='bbox 678 867 756 916; x_wconf 88' lang='lat' dir='ltr'>recto</span> <span class='ocrx_word' id='word_1_30' title='bbox 778 860 916 920; x_wconf 74' lang='lat' dir='ltr'>intestino</span> 
     </span>
     <span class='ocr_line' id='line_1_9' title="bbox 176 954 380 1023; baseline -0.02 -11"><span class='ocrx_word' id='word_1_31' title='bbox 176 965 254 1023; x_wconf 83' lang='lat' dir='ltr'>sunt,</span> <span class='ocrx_word' id='word_1_32' title='bbox 268 954 380 1011; x_wconf 77' lang='lat' dir='ltr'>necne?</span> 
     </span>
    </p>

    <p class='ocr_par' dir='ltr' id='par_1_5' title="bbox 173 1044 915 1399">
     <span class='ocr_line' id='line_1_10' title="bbox 214 1044 914 1115; baseline 0.003 -11"><span class='ocrx_word' id='word_1_33' title='bbox 214 1048 252 1104; x_wconf 87' lang='lat' dir='ltr'>R.</span> <span class='ocrx_word' id='word_1_34' title='bbox 272 1047 350 1115; x_wconf 88' lang='lat' dir='ltr'>Non,</span> <span class='ocrx_word' id='word_1_35' title='bbox 369 1044 401 1102; x_wconf 92' lang='lat' dir='ltr'>in</span> <span class='ocrx_word' id='word_1_36' title='bbox 423 1054 503 1102; x_wconf 86' lang='lat' dir='ltr'>recto</span> <span class='ocrx_word' id='word_1_37' title='bbox 524 1044 603 1103; x_wconf 86' lang='lat' dir='ltr'>enim</span> <span class='ocrx_word' id='word_1_38' title='bbox 626 1045 715 1104; x_wconf 86' lang='lat' dir='ltr'>fibrae</span> <span class='ocrx_word' id='word_1_39' title='bbox 737 1049 914 1106; x_wconf 85' lang='lat' dir='ltr'>musculosae</span> 
     </span>
     <span class='ocr_line' id='line_1_11' title="bbox 173 1137 915 1217; baseline -0.001 -19"><span class='ocrx_word' id='word_1_40' title='bbox 173 1138 330 1217; x_wconf 85' lang='lat' dir='ltr'>aequaliter</span> <span class='ocrx_word' id='word_1_41' title='bbox 343 1137 545 1214; x_wconf 87' lang='lat' dir='ltr'>disponuntur,</span> <span class='ocrx_word' id='word_1_42' title='bbox 565 1148 652 1214; x_wconf 87' lang='lat' dir='ltr'>atque</span> <span class='ocrx_word' id='word_1_43' title='bbox 671 1139 703 1195; x_wconf 90' lang='lat' dir='ltr'>in</span> <span class='ocrx_word' id='word_1_44' title='bbox 722 1139 780 1195; x_wconf 91' lang='lat' dir='ltr'>imo</span> <span class='ocrx_word' id='word_1_45' title='bbox 799 1139 915 1214; x_wconf 71' lang='lat' dir='ltr'>sphino</span> 
     </span>
     <span class='ocr_line' id='line_1_12' title="bbox 175 1229 914 1308; baseline -0.009 -17"><span class='ocrx_word' id='word_1_46' title='bbox 175 1244 236 1293; x_wconf 84' lang='lat' dir='ltr'>tara</span> <span class='ocrx_word' id='word_1_47' title='bbox 250 1232 395 1291; x_wconf 87' lang='lat' dir='ltr'>internum</span> <span class='ocrx_word' id='word_1_48' title='bbox 408 1231 543 1297; x_wconf 84' lang='lat' dir='ltr'>formant,</span> <span class='ocrx_word' id='word_1_49' title='bbox 563 1229 682 1288; x_wconf 86' lang='lat' dir='ltr'>cellulae</span> <span class='ocrx_word' id='word_1_50' title='bbox 694 1231 784 1308; x_wconf 83' lang='lat' dir='ltr'>igitur</span> <span class='ocrx_word' id='word_1_51' title='bbox 802 1231 844 1289; x_wconf 92' lang='lat' dir='ltr'>ibi</span> <span class='ocrx_word' id='word_1_52' title='bbox 863 1232 914 1290; x_wconf 87' lang='lat' dir='ltr'>de.</span> 
     </span>
     <span class='ocr_line' id='line_1_13' title="bbox 174 1323 649 1399; baseline -0.013 -14"><span class='ocrx_word' id='word_1_53' title='bbox 174 1337 242 1385; x_wconf 82' lang='lat' dir='ltr'>aunt</span> <span class='ocrx_word' id='word_1_54' title='bbox 249 1349 259 1397; x_wconf 89' lang='lat'>,·</span> <span class='ocrx_word' id='word_1_55' title='bbox 280 1342 368 1399; x_wconf 85' lang='lat' dir='ltr'>rugae</span> <span class='ocrx_word' id='word_1_56' title='bbox 381 1333 475 1381; x_wconf 89' lang='lat' dir='ltr'>autem</span> <span class='ocrx_word' id='word_1_57' title='bbox 490 1323 649 1380; x_wconf 88' lang='lat' dir='ltr'>abundant.</span> 
     </span>
    </p>

    <p class='ocr_par' dir='ltr' id='par_1_6' title="bbox 170 1414 912 1571">
     <span class='ocr_line' id='line_1_14' title="bbox 213 1414 912 1492; baseline 0.001 -18"><span class='ocrx_word' id='word_1_58' title='bbox 213 1420 247 1485; x_wconf 74' lang='lat' dir='ltr'>Q.</span> <span class='ocrx_word' id='word_1_59' title='bbox 268 1418 373 1474; x_wconf 86' lang='lat' dir='ltr'>Nonne</span> <span class='ocrx_word' id='word_1_60' title='bbox 386 1424 454 1473; x_wconf 80' lang='lat' dir='ltr'>sunt</span> <span class='ocrx_word' id='word_1_61' title='bbox 467 1416 526 1473; x_wconf 77' lang='lat' dir='ltr'>oilli</span> <span class='ocrx_word' id='word_1_62' title='bbox 538 1424 567 1472; x_wconf 84' lang='lat' dir='ltr'>et</span> <span class='ocrx_word' id='word_1_63' title='bbox 581 1417 734 1492; x_wconf 75' lang='lat' dir='ltr'>glandulae</span> <span class='ocrx_word' id='word_1_64' title='bbox 746 1437 868 1477; x_wconf 76' lang='lat' dir='ltr'>morosae</span> <span class='ocrx_word' id='word_1_65' title='bbox 881 1414 912 1475; x_wconf 84' lang='lat' dir='ltr'>iri</span> 
     </span>
     <span class='ocr_line' id='line_1_15' title="bbox 170 1511 255 1571; baseline -0.024 0"><span class='ocrx_word' id='word_1_66' title='bbox 170 1511 255 1571; x_wconf 85' lang='lat' dir='ltr'>oolo?</span> 
     </span>
    </p>

    <p class='ocr_par' dir='ltr' id='par_1_7' title="bbox 167 1602 910 2042">
     <span class='ocr_line' id='line_1_16' title="bbox 209 1602 910 1681; baseline -0.001 -17"><span class='ocrx_word' id='word_1_67' title='bbox 209 1606 247 1664; x_wconf 84' lang='lat' dir='ltr'>R.</span> <span class='ocrx_word' id='word_1_68' title='bbox 268 1605 314 1662; x_wconf 82' lang='lat' dir='ltr'>Ita</span> <span class='ocrx_word' id='word_1_69' title='bbox 323 1625 332 1673; x_wconf 91' lang='lat'>;</span> <span class='ocrx_word' id='word_1_70' title='bbox 352 1603 414 1661; x_wconf 90' lang='lat' dir='ltr'>villi</span> <span class='ocrx_word' id='word_1_71' title='bbox 426 1602 570 1660; x_wconf 81' lang='lat' dir='ltr'>innumeri</span> <span class='ocrx_word' id='word_1_72' title='bbox 583 1604 694 1674; x_wconf 83' lang='lat' dir='ltr'>breves,</span> <span class='ocrx_word' id='word_1_73' title='bbox 716 1614 746 1662; x_wconf 89' lang='lat' dir='ltr'>et</span> <span class='ocrx_word' id='word_1_74' title='bbox 757 1605 910 1681; x_wconf 74' lang='lat' dir='ltr'>glandulae</span> 
     </span>
     <span class='ocr_line' id='line_1_17' title="bbox 170 1696 910 1777; baseline -0.003 -17"><span class='ocrx_word' id='word_1_75' title='bbox 170 1699 249 1760; x_wconf 89' lang='lat' dir='ltr'>haud</span> <span class='ocrx_word' id='word_1_76' title='bbox 271 1716 378 1777; x_wconf 86' lang='lat' dir='ltr'>paucae</span> <span class='ocrx_word' id='word_1_77' title='bbox 397 1696 570 1774; x_wconf 82' lang='lat' dir='ltr'>perexiguae</span> <span class='ocrx_word' id='word_1_78' title='bbox 588 1718 707 1758; x_wconf 87' lang='lat' dir='ltr'>mucum</span> <span class='ocrx_word' id='word_1_79' title='bbox 730 1709 910 1759; x_wconf 75' lang='lat' dir='ltr'>secernente·</span> 
     </span>
     <span class='ocr_line' id='line_1_18' title="bbox 169 1781 909 1874; baseline -0.003 -21"><span class='ocrx_word' id='word_1_80' title='bbox 169 1796 276 1874; x_wconf 79' lang='lat' dir='ltr'>passim</span> <span class='ocrx_word' id='word_1_81' title='bbox 295 1781 455 1858; x_wconf 78' lang='lat' dir='ltr'>collocatae,</span> <span class='ocrx_word' id='word_1_82' title='bbox 475 1791 507 1872; x_wconf 89' lang='lat' dir='ltr'>in</span> <span class='ocrx_word' id='word_1_83' title='bbox 531 1794 594 1850; x_wconf 88' lang='lat' dir='ltr'>colo</span> <span class='ocrx_word' id='word_1_84' title='bbox 616 1803 703 1862; x_wconf 81' lang='lat' dir='ltr'>sunt3</span> <span class='ocrx_word' id='word_1_85' title='bbox 727 1804 757 1862; x_wconf 82' lang='lat' dir='ltr'>et</span> <span class='ocrx_word' id='word_1_86' title='bbox 778 1793 809 1849; x_wconf 89' lang='lat' dir='ltr'>in</span> <span class='ocrx_word' id='word_1_87' title='bbox 830 1805 909 1852; x_wconf 86' lang='lat' dir='ltr'>recto</span> 
     </span>
     <span class='ocr_line' id='line_1_19' title="bbox 168 1886 909 1968; baseline -0.008 -19"><span class='ocrx_word' id='word_1_88' title='bbox 168 1889 322 1966; x_wconf 69' lang='lat' dir='ltr'>praecipue</span> <span class='ocrx_word' id='word_1_89' title='bbox 333 1910 423 1968; x_wconf 87' lang='lat' dir='ltr'>prope</span> <span class='ocrx_word' id='word_1_90' title='bbox 436 1909 524 1948; x_wconf 88' lang='lat' dir='ltr'>anum</span> <span class='ocrx_word' id='word_1_91' title='bbox 538 1886 621 1944; x_wconf 82' lang='lat' dir='ltr'>valde</span> <span class='ocrx_word' id='word_1_92' title='bbox 630 1905 798 1944; x_wconf 81' lang='lat' dir='ltr'>numerosae</span> <span class='ocrx_word' id='word_1_93' title='bbox 808 1886 909 1944; x_wconf 82' lang='lat' dir='ltr'>viden-</span> 
     </span>
     <span class='ocr_line' id='line_1_20' title="bbox 167 1993 223 2042; baseline 0.054 -3"><span class='ocrx_word' id='word_1_94' title='bbox 167 1993 223 2042; x_wconf 79' lang='lat' dir='ltr'>tur.</span> 
     </span>
    </p>

    <p class='ocr_par' dir='ltr' id='par_1_8' title="bbox 207 2074 901 2153">
     <span class='ocr_line' id='line_1_21' title="bbox 207 2074 901 2153; baseline -0.014 -13"><span class='ocrx_word' id='word_1_95' title='bbox 207 2077 243 2141; x_wconf 81' lang='lat' dir='ltr'>Q·</span> <span class='ocrx_word' id='word_1_96' title='bbox 265 2077 325 2135; x_wconf 90' lang='lat' dir='ltr'>Ubi</span> <span class='ocrx_word' id='word_1_97' title='bbox 338 2079 408 2135; x_wconf 86' lang='lat' dir='ltr'>sitae</span> <span class='ocrx_word' id='word_1_98' title='bbox 417 2088 485 2135; x_wconf 84' lang='lat' dir='ltr'>aunt</span> <span class='ocrx_word' id='word_1_99' title='bbox 497 2074 703 2153; x_wconf 86' lang='lat' dir='ltr'>appendiculae</span> <span class='ocrx_word' id='word_1_100' title='bbox 712 2074 868 2151; x_wconf 81' lang='lat' dir='ltr'>adiposae?</span> <span class='ocrx_word' id='word_1_101' title='bbox 895 2123 901 2130; x_wconf 86' lang='lat'>.</span> 
     </span>
    </p>

    <p class='ocr_par' dir='ltr' id='par_1_9' title="bbox 165 2167 907 2339">
     <span class='ocr_line' id='line_1_22' title="bbox 205 2167 907 2246; baseline 0.004 -21"><span class='ocrx_word' id='word_1_102' title='bbox 205 2169 243 2226; x_wconf 85' lang='lat' dir='ltr'>R.</span> <span class='ocrx_word' id='word_1_103' title='bbox 264 2171 297 2228; x_wconf 93' lang='lat' dir='ltr'>A</span> <span class='ocrx_word' id='word_1_104' title='bbox 309 2182 389 2246; x_wconf 85' lang='lat' dir='ltr'>parte</span> <span class='ocrx_word' id='word_1_105' title='bbox 402 2174 519 2229; x_wconf 70' lang='lat' dir='ltr'>externa</span> <span class='ocrx_word' id='word_1_106' title='bbox 532 2168 588 2227; x_wconf 90' lang='lat' dir='ltr'>ooli</span> <span class='ocrx_word' id='word_1_107' title='bbox 600 2169 632 2225; x_wconf 93' lang='lat' dir='ltr'>in</span> <span class='ocrx_word' id='word_1_108' title='bbox 641 2167 762 2226; x_wconf 83' lang='lat' dir='ltr'>cavitate</span> <span class='ocrx_word' id='word_1_109' title='bbox 775 2169 907 2228; x_wconf 83' lang='lat' dir='ltr'>abdomi-</span> 
     </span>
     <span class='ocr_line' id='line_1_23' title="bbox 165 2247 452 2339; baseline 0.003 -19"><span class='ocrx_word' id='word_1_110' title='bbox 165 2261 210 2320; x_wconf 83' lang='lat' dir='ltr'>nis</span> <span class='ocrx_word' id='word_1_111' title='bbox 223 2263 361 2339; x_wconf 85' lang='lat' dir='ltr'>pendent.</span> <span class='ocrx_word' id='word_1_112' title='bbox 448 2247 452 2256; x_wconf 39' lang='lat'><strong><em>¹</em></strong></span> 
     </span>
    </p>

    <p class='ocr_par' dir='ltr' id='par_1_10' title="bbox 205 2356 495 2422">
     <span class='ocr_line' id='line_1_24' title="bbox 205 2356 495 2422; baseline 0 -7"><span class='ocrx_word' id='word_1_113' title='bbox 205 2356 239 2422; x_wconf 74' lang='lat' dir='ltr'>Q.</span> <span class='ocrx_word' id='word_1_114' title='bbox 260 2358 314 2415; x_wconf 86' lang='lat' dir='ltr'>Cui</span> <span class='ocrx_word' id='word_1_115' title='bbox 329 2358 495 2415; x_wconf 75' lang='lat' dir='ltr'>usuiaunt?</span> 
     </span>
    </p>

    <p class='ocr_par' dir='ltr' id='par_1_11' title="bbox 159 2451 906 2900">
     <span class='ocr_line' id='line_1_25' title="bbox 202 2451 905 2529; baseline -0.001 -17"><span class='ocrx_word' id='word_1_116' title='bbox 202 2455 241 2512; x_wconf 84' lang='lat' dir='ltr'>R.</span> <span class='ocrx_word' id='word_1_117' title='bbox 256 2451 460 2529; x_wconf 78' lang='lat' dir='ltr'>Appendiculae</span> <span class='ocrx_word' id='word_1_118' title='bbox 469 2452 598 2529; x_wconf 81' lang='lat' dir='ltr'>adipoaoe</span> <span class='ocrx_word' id='word_1_119' title='bbox 611 2451 762 2510; x_wconf 87' lang='lat' dir='ltr'>humorem</span> <span class='ocrx_word' id='word_1_120' title='bbox 775 2454 905 2511; x_wconf 79' lang='lat' dir='ltr'>oleosum</span> 
     </span>
     <span class='ocr_line' id='line_1_26' title="bbox 162 2544 906 2623; baseline -0.003 -16"><span class='ocrx_word' id='word_1_121' title='bbox 162 2548 287 2607; x_wconf 72' lang='lat' dir='ltr'>enudare</span> <span class='ocrx_word' id='word_1_122' title='bbox 300 2544 445 2612; x_wconf 79' lang='lat' dir='ltr'>videntur,</span> <span class='ocrx_word' id='word_1_123' title='bbox 466 2564 526 2623; x_wconf 92' lang='lat' dir='ltr'>quo</span> <span class='ocrx_word' id='word_1_124' title='bbox 538 2545 702 2621; x_wconf 76' lang='lat' dir='ltr'>superficies</span> <span class='ocrx_word' id='word_1_125' title='bbox 721 2555 841 2603; x_wconf 86' lang='lat' dir='ltr'>externa</span> <span class='ocrx_word' id='word_1_126' title='bbox 860 2548 906 2606; x_wconf 89' lang='lat' dir='ltr'>in·</span> 
     </span>
     <span class='ocr_line' id='line_1_27' title="bbox 161 2625 905 2717; baseline -0.008 -19"><span class='ocrx_word' id='word_1_127' title='bbox 161 2625 260 2698; x_wconf 82' lang='lat' dir='ltr'>teatini</span> <span class='ocrx_word' id='word_1_128' title='bbox 273 2637 416 2695; x_wconf 78' lang='lat' dir='ltr'>crassioris</span> <span class='ocrx_word' id='word_1_129' title='bbox 428 2637 539 2696; x_wconf 86' lang='lat' dir='ltr'>lubrica</span> <span class='ocrx_word' id='word_1_130' title='bbox 552 2639 595 2707; x_wconf 86' lang='lat' dir='ltr'>fit,</span> <span class='ocrx_word' id='word_1_131' title='bbox 614 2641 705 2717; x_wconf 69' lang='lat' dir='ltr'>eoqoe</span> <span class='ocrx_word' id='word_1_132' title='bbox 722 2639 778 2697; x_wconf 86' lang='lat' dir='ltr'>alia</span> <span class='ocrx_word' id='word_1_133' title='bbox 790 2640 905 2698; x_wconf 74' lang='lat' dir='ltr'>intesti.</span> 
     </span>
     <span class='ocr_line' id='line_1_28' title="bbox 160 2730 902 2810; baseline 0.005 -21"><span class='ocrx_word' id='word_1_134' title='bbox 160 2752 199 2789; x_wconf 85' lang='lat' dir='ltr'>na</span> <span class='ocrx_word' id='word_1_135' title='bbox 212 2732 342 2789; x_wconf 84' lang='lat' dir='ltr'>tenuiora</span> <span class='ocrx_word' id='word_1_136' title='bbox 353 2730 513 2788; x_wconf 84' lang='lat' dir='ltr'>actionibus</span> <span class='ocrx_word' id='word_1_137' title='bbox 533 2732 593 2791; x_wconf 84' lang='lat' dir='ltr'>suis</span> <span class='ocrx_word' id='word_1_138' title='bbox 612 2734 674 2793; x_wconf 84' lang='lat' dir='ltr'>sine</span> <span class='ocrx_word' id='word_1_139' title='bbox 692 2733 902 2810; x_wconf 85' lang='lat' dir='ltr'>impedimento</span> 
     </span>
     <span class='ocr_line' id='line_1_29' title="bbox 159 2823 381 2900; baseline 0.005 -24"><span class='ocrx_word' id='word_1_140' title='bbox 159 2823 381 2900; x_wconf 81' lang='lat' dir='ltr'>perfunguntur.</span> 
     </span>
    </p>

    <p class='ocr_par' dir='ltr' id='par_1_12' title="bbox 198 2913 555 2989">
     <span class='ocr_line' id='line_1_30' title="bbox 198 2913 555 2989; baseline 0.017 -18"><span class='ocrx_word' id='word_1_141' title='bbox 198 2913 233 2980; x_wconf 76' lang='lat' dir='ltr'>Q.</span> <span class='ocrx_word' id='word_1_142' title='bbox 254 2915 328 2989; x_wconf 83' lang='lat' dir='ltr'>Quis</span> <span class='ocrx_word' id='word_1_143' title='bbox 341 2934 410 2976; x_wconf 82' lang='lat' dir='ltr'>usus</span> <span class='ocrx_word' id='word_1_144' title='bbox 423 2916 477 2974; x_wconf 88' lang='lat' dir='ltr'>coli</span> <span class='ocrx_word' id='word_1_145' title='bbox 490 2924 555 2977; x_wconf 86' lang='lat' dir='ltr'>est?</span> 
     </span>
    </p>
   </div>
   <div class='ocr_carea' id='block_1_4' title="bbox 0 0 1004 3450">
    <p class='ocr_par' dir='ltr' id='par_1_13' title="bbox 0 0 1004 3450">
     <span class='ocr_line' id='line_1_31' title="bbox 0 0 1004 3450; baseline 0 7"><span class='ocrx_word' id='word_1_146' title='bbox 0 0 1004 3450; x_wconf 95' lang='lat' dir='ltr'> </span> 
     </span>
    </p>
   </div>
  </div>
 </body>
</html>
