2000 3450
316 294 427 335 rosam
441 290 609 333 recutitur:
782 277 832 332 151

87 422 241 501 sanguinis
254 419 343 496 igitur
356 436 424 484 una,
447 417 571 493 exempli
590 416 690 491 gratia,
709 416 740 472 in
760 416 853 473 auri·'
913 470 915 476 ,

88 517 188 581 culam
201 513 345 571 sinistram
358 509 547 586 perforamen
557 510 637 567 ovele
647 510 753 568 directe
761 507 835 578 fluit,

88 610 164 667 dum
177 615 273 685 partes
285 605 359 662 duae
372 604 403 681 in
413 602 607 660 ventriculum
617 603 749 660 dextrum
758 613 835 662 tran·
865 612 870 620 ’

91 711 187 771 seunt,
208 701 292 777 cujus
305 697 500 756 contractione
512 697 601 755 altera
613 716 679 773 pars
693 697 723 753 in
736 697 835 753 arteri-

91 816 140 853 am
163 792 358 871 pulmonalem
384 791 562 868 propellitur,
584 801 619 863 ut
639 800 764 848 transeat
783 795 836 866 per
929 854 933 861 .

91 889 246 966 pulmones
259 885 461 943 inaurieulam
475 884 629 952 sinistram,
650 893 680 941 et
698 884 786 940 altera
806 883 836 939 in

91 982 222 1039 canalem
245 979 424 1048 arteriosum,
448 970 559 1053 quoin
582 987 689 1035 aortam
713 978 836 1034 vehitur.

93 1068 162 1133 Hoc
184 1075 271 1133 modo
291 1074 376 1131 ambo
394 1072 547 1154 ventriculi
567 1072 637 1130 duas
656 1065 751 1148 partes
763 1071 836 1130 acci-

92 1168 188 1246 piunt,
214 1180 244 1226 et
266 1169 367 1225 ambae
395 1166 540 1223 auriculae
562 1165 634 1222 duas
659 1167 754 1235 etiam,
779 1187 838 1243 quo

92 1263 298 1340 aequilibrium
313 1260 463 1339 sauguinis
475 1260 552 1317 inter
564 1259 653 1317 latera
666 1259 724 1317 duu
743 1261 837 1317 cordis

91 1366 233 1415 teneatur.

81 1463 86 1472 '
135 1452 171 1516 Q.
192 1452 247 1509 Cui
259 1450 324 1507 usui
337 1450 499 1509 inserviunt
511 1450 561 1508 illa
572 1449 747 1527 peculiaria?

133 1547 171 1603 R.
192 1546 307 1602 Ductus
320 1563 443 1602 venosus
456 1555 567 1622 partem
586 1545 735 1622 sanguinis
748 1545 838 1603 foetus
880 1571 885 1579 Χ

94 1640 127 1695 ἱη
146 1639 279 1715 placenta
291 1638 541 1696 renovatidirecte
554 1629 584 1694 in
598 1657 647 1696 cor
660 1640 837 1708 transmittit,

95 1752 182 1808 quem
197 1734 366 1810 sanguinem
379 1733 507 1790 foramen
520 1732 602 1789 ovale
615 1742 644 1788 et
654 1733 839 1790 canalisarte·

94 1829 187 1893 riosus
200 1830 231 1884 in
244 1829 319 1886 latus
332 1827 479 1885 sinistrum
493 1825 587 1883 cordis
606 1835 636 1881 et
654 1836 762 1882 aortam
783 1836 839 1883 sta·

95 1922 150 1978 tim
163 1922 325 1979 immittunt
332 1943 342 1991 ;
364 1917 610 2001 sanguinefoetfis
629 1918 716 1986 enim,
739 1918 789 1996 qui
809 1919 840 1977 in

95 2016 229 2091 placenta
240 2026 373 2074 materno
385 2014 526 2091 sanguine
539 2022 692 2071 renovatus
705 2022 789 2080 esset,
808 2023 841 2071 ut

96 2110 286 2167 mutationem
300 2109 330 2166 in
343 2108 531 2186 pulmonibus
548 2108 659 2177 subeat,
679 2108 753 2166 sicut
766 2109 797 2166 in
810 2129 840 2166 a·
861 2100 865 2104 ⁴

97 2202 188 2272 dulto,
202 2202 276 2260 nihil
289 2221 362 2279 opus
375 2211 427 2260 est.

138 2296 173 2361 Q.
194 2297 300 2354 Nonne
312 2296 362 2354 ille
375 2304 528 2373 apparatus
549 2295 578 2353 vi
596 2294 705 2373 majore
724 2297 840 2372 sangui·

97 2409 166 2447 nem
178 2380 323 2467 impellit?

137 2484 175 2541 R.
196 2484 288 2552 Certe,
302 2482 479 2541 ventriculus
499 2484 600 2541 dexter
618 2481 712 2539 cordis
731 2490 842 2557 partem

100 2578 162 2655 ejus
174 2578 323 2654 sanguinis
336 2577 443 2636 directe
455 2596 508 2654 per
527 2576 655 2635 canalem
675 2576 843 2634 arteriosum

99 2671 252 2743 insortam
266 2671 445 2741 transmittit,
458 2691 526 2728 nam
539 2689 605 2748 pars
618 2670 722 2748 exigua
730 2679 843 2728 tantum

99 2784 151 2842 per
169 2765 322 2842 pulmones
342 2764 462 2823 transire
477 2774 592 2843 potest;
616 2764 732 2842 sanguis
751 2766 842 2849 foetis

99 2859 188 2935 igitur
207 2858 318 2917 viribus
337 2860 488 2917 amborum
506 2858 601 2943 eordis
620 2859 844 2916 ventriculorum

100 2952 132 3008 in
144 2961 254 3010 aortam
268 2952 437 3030 impellitur,
451 2964 485 3011 ut
498 2952 566 3011 inde
585 2952 617 3011 in
636 2971 736 3012 omnes
755 2969 845 3009 meru·

101 3046 219 3105 brorum
231 3058 328 3125 partes
341 3048 495 3125 digeratur.
