2000 3450
177 285 231 338 162
332 296 372 336 on
386 295 570 337 nnoronrsus
583 293 759 336 ennomus.

151 502 156 505 .
176 422 210 477 lis
222 420 393 491 abdominis,
407 432 436 479 et
449 419 663 499 integumentis,
682 418 808 478 ramulos
821 416 920 475 distri·

176 516 278 572 buunt.

210 1036 522 1115 COLLOQUIUM
542 1035 882 1101 DUODECIMUM.

437 1269 477 1310 DE
496 1268 664 1310 Annorum.

218 1461 253 1525 Q.
274 1460 395 1531 Quinus
407 1460 495 1517 rebus
507 1458 651 1517 abdomen
664 1458 850 1515 continetur?

172 1574 175 1581 ¹
217 1553 254 1609 R.
275 1552 762 1631 Abdomensupraidiaphragmate,
774 1550 850 1607 infra
859 1551 925 1626 pel-

179 1665 224 1716 ve,
237 1646 268 1701 in
282 1645 345 1703 aliis
357 1644 488 1721 partibus
500 1644 639 1704 musculis
651 1656 681 1701 et
693 1645 815 1714 ossibus,
829 1644 926 1717 eonti-

179 1751 282 1809 netur3
295 1748 382 1817 atque
390 1741 496 1799 cavitas
507 1740 595 1798 totius
607 1740 734 1816 eorporis
747 1738 926 1816 amplissima

180 1845 232 1893 esa
300 1873 303 1877 ι
897 1891 900 1896 ⁴

220 1927 254 1992 Q„
269 1929 311 1986 Ut
321 1929 392 1986 situs
401 1929 543 1986 viscerum
553 1928 646 1986 multo
654 1928 813 1985 accuratius
827 1936 927 1984 notes·

179 2037 235 2095 cat,
246 2026 389 2082 abdomen
402 2022 432 2078 in
443 2023 576 2100 regiones
590 2023 761 2099 plerumque
774 2023 927 2099 signatum

180 2131 240 2189 est;
261 2120 292 2174 in
306 2126 378 2195 quot
390 2116 480 2194 igitur
493 2115 629 2186 divisum,
649 2126 679 2173 et
694 2116 840 2193 quomodo
860 2115 926 2173 illas

179 2213 335 2288 designas?

220 2309 257 2366 R.
272 2306 307 2362 ln
317 2304 449 2381 regiones
459 2324 564 2363 novem
572 2305 731 2376 dividitur3
745 2305 824 2363 linea
834 2314 929 2364 trana-

182 2421 264 2461 versa
286 2401 361 2457 iuter
382 2392 576 2458 ex'tremitates
597 2409 739 2457 oostarum
755 2398 930 2457 inferiorum

181 2495 268 2555 ducta
281 2514 367 2571 supra
377 2494 550 2552 umbilicum
559 2503 617 2551 tres
626 2493 740 2551 circiter
752 2493 871 2569 digitos,
881 2512 930 2550 re.

179 2591 281 2668 giones
295 2599 353 2646 tres
372 2588 534 2665 superiores
553 2586 680 2656 denotat,
700 2587 930 2666 epigoslriampin

180 2685 276 2742 media
288 2694 379 2761 parte,
399 2683 536 2760 utrinque
553 2682 788 2761 hypooioadn'am
801 2684 930 2740 &atram

181 2786 211 2834 et
224 2779 372 2836 neutram.
412 2775 505 2834 Linea
517 2776 606 2834 altera
618 2777 694 2834 inter
711 2794 863 2853 processus
876 2795 929 2832 au-

180 2870 296 2930 teriores
315 2880 345 2930 et
364 2871 524 2950 superiores
544 2872 674 2949 spinosos
691 2870 764 2929 ossis
781 2870 825 2928 ilii
839 2869 930 2927 ducta
