2000 3450
296 292 425 341 eruscos
441 293 628 338 sruucruar.
777 289 831 348 187

87 416 165 476 deno
180 417 244 475 laxe
255 418 334 495 apud
347 418 482 495 pylorum
495 419 571 477 inter
584 442 671 499 quem
689 431 719 482 et
738 425 830 482 cardi·

88 530 135 567 am
158 520 276 569 omento
306 512 417 570 minore
443 513 575 589 vasisque
597 518 769 594 sanguineis,
792 518 830 575 ad

87 603 217 679 splenem
229 604 394 682 peritonaeo
406 612 437 662 et
449 606 524 663 vasis
537 610 709 685 sanguineis,
729 611 766 667 ad
785 630 829 668 ar·

86 713 154 753 cum
167 697 223 754 coli
236 708 428 756 transversum
441 708 558 757 omento
570 701 678 778 majore
691 702 781 761 solute
800 713 829 761 et

85 791 259 866 peritomen.

125 884 159 950 Q
181 887 350 962 Qui‘motus
363 893 515 952 ventriculi
527 896 615 951 sunt?

122 982 162 1039 R.
183 981 342 1039 Curvatura
363 982 457 1043 minor
476 986 628 1044 ventriculi
645 985 676 1043 in
695 985 752 1043 situ
772 985 828 1043 fixa

83 1084 137 1142 est,
151 1074 222 1131 dum
235 1085 387 1134 curvatura
399 1079 490 1156 major
502 1079 591 1137 libere
603 1080 704 1156 surgit,
719 1081 827 1138 ventri-

30 1196 34 1202 -
83 1168 151 1226 culo
162 1169 301 1246 impleto;
312 1179 350 1238 et,
364 1170 420 1228 hoc
432 1171 521 1241 inani,
534 1172 583 1229 illa
593 1173 698 1230 iterum
708 1173 827 1231 descen.

83 1262 144 1330 dit;
170 1263 348 1322 ventriculus
361 1262 451 1339 igitur
462 1264 541 1341 apud
555 1264 680 1322 cordiam
694 1276 724 1323 et
743 1266 827 1341 pylo·¹

82 1374 158 1425 rum,
172 1342 286 1414 utrum
294 1355 419 1427 cardine,
440 1367 537 1416 movet
549 1357 661 1416 sursum
679 1358 826 1416 denrsdm·

83 1464 149 1525 que,
163 1458 193 1507 et
204 1449 378 1511 omnimodis
391 1470 453 1510 sese
466 1452 634 1510 contrahere
645 1463 747 1529 potest.

122 1541 157 1608 Q,
179 1546 262 1620 Quae
275 1544 426 1603 ventriculi
440 1555 583 1605 structura
595 1549 659 1606 est?

119 1639 158 1698 R.
179 1639 326 1697 Structaro
345 1638 408 1716 ejus
427 1639 590 1717 oesophago
608 1641 753 1699 simillima
772 1651 826 1712 est,

6 1718 7 1746 ³
80 1746 168 1813 atque
180 1752 216 1791 ex
229 1731 328 1791 tunicis
340 1740 457 1811 quatuor
469 1734 565 1802 etiam,
585 1735 636 1791 sed
655 1734 748 1793 multi>
766 1736 825 1793 sor·
916 1761 922 1772 ·

80 1831 211 1900 tionibus,
224 1830 414 1907 componitur.
443 1829 576 1901 Quarum
588 1841 706 1889 externa
717 1831 823 1906 perito-

80 1945 152 2012 men
163 1925 312 1995 formatur,
332 1925 387 1984 sub
398 1927 433 1988 erl
445 1933 489 1982 est
502 1923 660 1983 substantia
672 1924 823 2004 cellularis,

81 2038 154 2096 quse
168 2018 314 2076 interdum
334 2005 453 2077 vocatur
470 2018 569 2077 tunica
588 2018 722 2077 cellulosa
742 2019 824 2095 Ruy·

80 2111 213 2170 schiana:
229 2111 334 2172 deinde
346 2114 444 2172 tunica
457 2114 619 2171 musculosa
632 2123 684 2183 est,
698 2133 771 2191 quae
784 2132 821 2171 ex

80 2206 174 2264 stratis
198 2205 334 2264 librarum
353 2206 467 2265 duobus
485 2217 606 2277 constat,
629 2206 717 2266 fibrae
740 2206 821 2267 strati

80 2300 189 2358 externi
202 2300 239 2357 ab
251 2300 414 2377 oesophsgo
425 2301 608 2362 continuatae
620 2301 764 2370 videntur,
778 2310 822 2360 et·

75 2393 189 2470 quein
214 2392 427 2470 longitudinem
453 2404 583 2463 currunt,
609 2393 697 2452 fibrae
722 2403 821 2451 autem

78 2486 159 2544 strati
177 2485 284 2545 interni
303 2486 447 2563 prioribus
466 2487 618 2546 validiores
635 2484 821 2548 transversim

78 2578 232 2658 dispositae
257 2580 451 2640 ventriculum
473 2579 588 2638 annulis
610 2577 716 2637 similes
736 2577 820 2654 quasi

77 2672 307 2750 complectuntur
317 2695 327 2743 3
339 2674 438 2733 tunica
450 2674 535 2732 tertia
546 2691 650 2731 nervea
663 2670 708 2729 vel
724 2670 820 2748 potius

77 2766 218 2825 cellularis
230 2777 283 2837 est,
296 2787 371 2845 quae
382 2788 449 2827 vasa
462 2768 537 2827 bene
549 2766 680 2832 sustinet,
693 2774 727 2823 ut
735 2783 818 2834 acen·

71 2867 136 2918 'rate
148 2860 180 2922 in
193 2860 476 2925 tunicam-internam
489 2861 705 2941 ingrediantur:
719 2860 818 2922 tunica
