2000 3450
289 254 332 297 ΒΡ.
344 254 437 295 SUCCO
451 256 607 298 ensnmco.
762 295 820 350 2⁰3

110 377 154 434 R.
177 377 322 436 concoctio
341 379 493 457 praecipue
515 382 546 438 in
567 381 727 469 ventriculo
746 385 820 463 ipso,

70 471 184 547 partim
204 471 291 529 etiam
309 474 341 529 in
361 472 505 543 duodeno,
523 475 634 552 jejuno,
657 486 688 534 et
706 478 770 547 ileo,
790 490 820 538 et

71 564 193 645 partim,
214 566 309 624 multo
326 568 440 645 parcius
454 571 532 639 vero,
552 570 584 627 in
597 570 734 637 intestino
746 574 819 643 colo,

70 657 207 716 efficitur.

287 978 328 1021 Dii
342 978 433 1020 SUCCO
446 981 611 1030 oteramo,

52 1196 56 1203 ,
114 1135 153 1200 Q
174 1135 255 1208 Quid
267 1135 304 1194 de
317 1146 420 1195 natura
431 1138 510 1196 succi
521 1140 638 1216 gastriei
649 1143 822 1221 generaliter

74 1230 172 1294 daia?
782 1230 784 1233 ’

113 1325 154 1382 R.
175 1324 336 1382 Difficultas
349 1343 468 1383 succum
485 1327 644 1403 gastricum
664 1314 819 1404 colligendi

75 1437 186 1495 purum
199 1427 332 1476 naturam
345 1419 408 1496 ejus
420 1419 516 1478 adhuc
528 1420 560 1478 in
573 1421 698 1479 tenebris
708 1423 802 1481 tenuit
808 1446 820 1493 ς

76 1512 204 1570 multirm
217 1511 326 1570 variare
339 1523 369 1571 et
381 1513 412 1570 in
425 1514 528 1573 eodem
540 1515 667 1586 homine,
689 1527 718 1574 et
730 1517 761 1573 in
775 1506 820 1574 'di-

78 1606 178 1673 rersis,
190 1605 343 1664 verisimile
350 1617 402 1664 est
415 1610 445 1665 A
453 1609 626 1684 quibusdam
634 1620 768 1686 putatum
776 1620 821 1669 eat

78 1699 193 1759 aeidum
205 1723 213 1772 3
224 1701 260 1759 ab
268 1700 331 1759 aliis
339 1721 400 1760 rem
408 1701 558 1760 alcalinam
567 1721 627 1780 esse
637 1727 645 1772 ς
658 1694 820 1781 Spellanza·

35 1807 40 1814 ·
78 1795 128 1852 nio
141 1805 249 1863 tamen,
262 1795 346 1872 eujus
358 1796 555 1873 experimenta
567 1806 649 1854 erant
658 1817 820 1868 numerosa,

79 1905 174 1965 neque
187 1887 286 1945 acidus
297 1908 394 1967 neque
405 1890 545 1948 alcalinus
558 1890 718 1948 videbatur.

120 1983 155 2047 Q.
176 1985 260 2059 Quae
271 1984 460 2062 proprietates
473 1984 515 2042 illi
529 1984 748 2043 attribuuntur?

119 2077 158 2134 R.
172 2077 295 2136 llleaese
307 2075 379 2135 cibis
390 2078 422 2135 in
432 2078 594 2136 ventriculo
602 2077 762 2158 conjungit,
772 2099 821 2140 eos

81 2159 226 2230 tenuiores
244 2171 348 2241 reddit,
369 2181 399 2230 et
417 2173 498 2230 brevi
512 2184 641 2252 tempore
653 2195 708 2252 ope
720 2176 822 2234 caloris

82 2272 112 2321 et
119 2263 281 2339 agitationis
293 2265 387 2335 solvit,
397 2266 681 2326 etsermentationem
692 2288 821 2347 compes·

83 2356 123 2415 eit
135 2356 180 2415 vel
192 2359 335 2436 prohibet.

122 2451 157 2516 Q.
177 2452 330 2525 Quomodo
342 2453 591 2512 fermentationem
604 2454 760 2531 prohibet?

121 2549 159 2606 R.
178 2547 283 2605 Parim
305 2547 401 2605 adhuc
424 2548 461 2605 de
480 2548 698 2605 fermentatione
717 2549 824 2607 canalis

85 2623 284 2699 intestinorum
291 2641 429 2718 peculiari
437 2640 588 2717 cognitum
599 2649 659 2710 est3
674 2641 742 2698 satis
751 2652 825 2700 tem.

84 2727 159 2814 poris
170 2744 278 2804 tamen,
293 2734 454 2792 ventriculo
462 2753 540 2802 sano,
551 2732 649 2792 deesse
663 2733 777 2792 videtur
786 2737 824 2795 ad

83 2828 159 2887 eibos
180 2826 395 2886 fermentandos
407 2851 418 2898 ,-
446 2836 475 2884 st
498 2829 593 2905 porro,
616 2838 720 2888 natura
742 2829 823 2888 acida

85 2921 158 2981 succi
170 2919 287 2999 gastrici
301 2920 328 2979 ei
340 2918 553 2998 quodammodo
565 2923 668 2983 obstat.
