2000 3450
184 299 223 340 nu
237 298 380 338 rrxruur
394 296 519 339 vuarcar
534 299 708 341 uururrmr.
755 290 811 343 223

67 426 166 482 latere
178 444 245 481 curn
258 423 351 499 pelve,
372 425 446 499 pone
459 441 525 480 cum
539 435 617 481 recto
630 426 764 484 intestino
781 428 812 484 in

74 519 157 586 viris,
178 536 244 575 cum
258 526 340 573 utero
354 516 385 572 in
405 516 536 575 foeminis
555 536 607 592 per
626 519 813 577 substantiam

75 612 243 669 cellularem
256 620 285 668 et
301 610 507 685 peritonaeum,
527 628 595 667 curn
615 613 750 670 umbilico
762 633 814 689 per
837 686 838 691 ἵ

74 704 243 780 ligamenta,
264 721 330 760 cum
347 702 408 760 cole
420 721 472 778 per
485 703 639 773 urethrarn,
660 705 814 763 committi·

75 809 134 853 tur.

118 890 154 954 Q„
175 894 258 968 Quae
270 900 376 950 textura
390 898 433 948 est
446 891 577 949 vesicae?

118 987 157 1044 ll.
177 985 279 1042 Vesica
291 983 397 1042 tunicas
410 983 496 1041 habet
515 995 580 1053 tras,
600 986 716 1055 scilicet,
736 1006 814 1045 mus·

74 1078 215 1145 culosam,
227 1095 371 1146 nerveam,
391 1087 420 1134 et
432 1076 569 1146 villosam,
590 1081 694 1155 partim
707 1081 814 1158 tegitur

77 1190 195 1247 quoque
208 1172 380 1246 perltonaeo.

119 1264 155 1328 Q„
175 1262 329 1334 Quomodo
342 1262 455 1320 tunicae
465 1262 530 1320 illae
542 1262 696 1340 dispositae
705 1269 795 1325 suut?

117 1357 155 1415 R.
167 1354 371 1425 ‚Peritonaeum
378 1354 502 1415 fundum
516 1355 693 1414 solummodo
706 1358 815 1416 vesicae

79 1450 207 1526 obtegit:
229 1450 283 1530 sub
294 1467 353 1525 quo
365 1462 409 1507 est
422 1451 519 1507 tunica
531 1450 709 1509 musculosa:
732 1452 815 1529 cujus

80 1544 167 1602 fibrae
180 1543 339 1620 superiores
348 1543 379 1600 in
388 1543 599 1619 longitudinem
608 1544 749 1602 fasciculis
757 1545 815 1602 dis·

80 1657 189 1714 persae,
202 1636 349 1694 inferiores
362 1646 457 1694 autem
470 1637 562 1693 forma
575 1638 643 1695 retis
662 1639 738 1696 varie
757 1639 815 1695 dis-

80 1731 199 1808 positae,
212 1731 249 1788 ad
259 1729 398 1788 cervicem
408 1728 571 1805 ephinctera
581 1730 690 1787 vesicae
697 1731 815 1790 faciunt.

79 1826 142 1883 Sub
154 1824 253 1882 tunica
264 1821 426 1882 musculos&
437 1832 480 1879 est
491 1841 598 1881 nervea
610 1822 657 1879 vel
666 1822 816 1882 cellularis.

82 1920 202 1976 lntema
225 1917 285 1973 sive
307 1916 407 1974 villosa
428 1934 547 1973 mucum
566 1915 757 1986 copiosissime
776 1917 817 1973 el·

80 2005 187 2081 fundit,
202 2010 253 2088 qui
267 2010 388 2069 vesicam
399 2029 418 2066 a
429 2010 547 2069 stimulo
559 2010 658 2068 urinae
672 2009 754 2069 valde
766 2012 817 2070 de·

80 2105 185 2166 fendis.
237 2165 240 2168 ,
438 2171 442 2180 p
594 2163 595 2168 ,

123 2198 158 2264 Q„
179 2199 236 2259 Cui
259 2199 325 2257 usui
342 2216 434 2268 renes,
454 2199 588 2270 ureteres,
608 2213 696 2275 etque
714 2201 816 2269 vesica,
898 2192 908 2208 ⁴

82 2292 251 2351 inserviunt.

123 2387 160 2444 R.
181 2387 274 2444 Renes
296 2405 332 2443 ex
354 2387 493 2465 sanguiue
519 2387 631 2446 urinam
654 2391 817 2451 secernunt·

82 2499 172 2557 quam
185 2488 311 2538 ureteras
323 2480 354 2538 in
367 2481 491 2539 vesicam
503 2479 710 2540 transmittunt.
736 2475 818 2532 Vesi-

82 2592 118 2631 ca
129 2574 342 2650 receptaculum
353 2584 406 2643 eet,
419 2574 450 2631 in
463 2573 521 2650 qui
531 2572 614 2630 urina
625 2590 678 2648 pro
690 2580 819 2646 tempore

82 2665 230 2725 detinetur
239 2688 248 2735 3
269 2666 339 2734 dum
352 2667 434 2744 copia
447 2667 498 2726 uel
516 2663 670 2726 acrimonia
687 2663 751 2740 ejus
768 2664 819 2722 sti·
846 2741 849 2750 ,

75 2761 197 2824 ,mulum
209 2760 319 2820 vesicae
331 2761 400 2830 dan
420 2780 479 2837 quo
490 2759 576 2818 fibrae
589 2758 651 2835 ejus
663 2756 747 2815 fundi
756 2775 819 2817 cor·

83 2853 229 2933 purisque,
242 2854 348 2916 auxilio
359 2851 618 2938 ‹liaphngmatiset
625 2851 819 2914 musculum
