2000 3450
181 233 235 301 30.¹
362 256 365 264 '
422 264 462 305 nr
476 250 675 329 roauarrour

179 386 307 464 laginoaa
325 387 357 445 in
375 370 560 467 conspectum
582 387 637 446 reti
655 384 762 444 similer
784 384 914 455 veniunt,

179 500 241 539 aeae
252 482 293 540 ita
304 481 433 553 dilatant,
447 494 482 543 ut
493 482 663 562 sanguinem
677 480 799 538 mbram
811 479 915 537 admit·

178 583 250 646 tant,
269 583 356 654 atque
368 578 517 637 materiam
528 595 637 636 oasam
649 574 804 633 demittant
822 574 915 632 autin
977 578 978 603 ³

178 680 287 746 puncto
300 689 359 728 uno
371 671 418 729 vel
429 670 528 740 altero,
550 690 568 728 a
586 689 645 748 quo
663 669 773 746 apicula
785 669 915 747 undique
977 718 978 739 ἶ

177 772 360 834 enascuntur,
373 763 490 841 quodin
498 763 609 821 ossibus
616 762 718 839 capitia
730 761 915 835 manifestum
977 790 978 795 κ

177 866 240 926 est3
259 856 352 914 autin
365 856 488 927 annulis,
501 856 636 934 aquibus
648 856 735 914 fibrae
753 875 854 925 uersus
867 876 915 913 ex·
977 886 978 889 ¹

177 959 268 1006 trema
279 949 387 1008 ossium
405 949 558 1029 longorum
577 950 720 1023 tenduut;
739 950 916 1029 demumque
977 936 978 947 ¹

176 1060 207 1100 ee
219 1043 353 1120 epiphyai
366 1044 555 1123 conjungunt.

217 1134 252 1202 Q.
272 1136 356 1208 Quae
366 1147 411 1195 eet
422 1137 592 1216 epiphycis?

215 1230 253 1289 ll.
276 1230 344 1289 Para
356 1240 400 1290 eat
412 1231 514 1290 ultima
523 1230 602 1301 ossis,
616 1250 689 1309 quae
697 1230 816 1290 ineunte
823 1241 916 1290 aetate

176 1324 288 1382 mediae
303 1325 378 1401 parti
391 1324 556 1403 cartilagine
577 1326 749 1395 annectitur,
773 1336 807 1384 ut
828 1336 916 1404 caput
977 1380 978 1385 ,

176 1428 206 1477 et
219 1418 334 1496 condyli
348 1418 462 1476 femoris
475 1437 542 1476 cum
550 1419 645 1476 media
656 1438 707 1477 sua
714 1441 724 1488 ;
738 1420 917 1496 provectiore
977 1420 978 1493 j

176 1522 272 1570 autem
285 1521 378 1570 aetate
394 1511 547 1590 epiphyses
559 1513 650 1571 factae
668 1522 736 1570 eunt
758 1514 825 1570 vere
848 1534 917 1592 apo-

176 1605 282 1682 physea
294 1605 354 1662 sive
367 1624 515 1683 processus
533 1605 662 1686 ejusdem
675 1605 745 1664 oseis
757 1606 860 1683 ipsius.

217 1699 252 1767 Q.
273 1699 388 1779 Quibus
400 1699 558 1759 commodis
570 1700 664 1779 capita
680 1701 803 1770 tumida,
821 1711 852 1760 et
871 1711 917 1761 tu·

177 1797 245 1855 bera
258 1795 318 1854 eive
337 1795 497 1873 apophysea
510 1795 616 1853 ossium
635 1795 806 1873 plerumque
825 1796 917 1855 inaer-
977 1799 978 1808 ’

179 1889 281 1949 vionti

216 1983 254 2041 R.
275 1983 329 2041 Illa
336 1983 459 2059 spatium
470 1984 598 2060 amplum
606 1984 642 2042 ad
651 1985 850 2044 commissuras
861 1986 919 2044 sor·
977 2049 978 2052 Ἴ

178 2077 296 2136 mandas
309 2077 371 2134 sine
383 2077 517 2154 ponderis
530 2077 706 2137 incremento
719 2079 799 2150 dant,
813 2091 844 2138 et
852 2092 918 2148 terr·

178 2172 260 2231 dines
272 2172 467 2229 musculorum
479 2172 566 2228 etiam
579 2192 596 2228 a
607 2171 683 2229 linea
701 2184 778 2231 recta
797 2171 918 2233 conveiss

56 2265 60 2272 ’
115 2259 116 2262 “
164 2266 275 2336 tendo,
294 2266 354 2323 vim
366 2284 466 2331 eorum
485 2266 516 2323 in
539 2275 602 2323 artu
624 2267 768 2325 movendo
787 2282 918 2346 augent3

178 2382 236 2440 quo
248 2359 324 2419 enim
337 2359 452 2436 longiis
464 2379 481 2417 a
493 2369 592 2418 centro
603 2360 837 2421 motuatendines
846 2362 919 2420 diri-

176 2465 256 2532 gant‚
270 2453 426 2514 eofaeiliirs
445 2454 662 2534 expeditiusque
680 2456 814 2525 musculi,
835 2469 919 2564 vecte
977 2507 978 2511 ,

176 2549 314 2628 longiore,
327 2558 422 2607 artum
434 2558 559 2606 movent
757 2595 761 2608 .

218 2643 252 2708 Q
273 2642 353 2715 Quid
362 2643 395 2701 fit
407 2642 444 2701 de
452 2641 618 2720 cartilagine
626 2661 694 2701 cum
706 2662 785 2703 ossea
796 2613 918 2758 materia

177 2736 360 2815 deponitur?

179 2830 254 2889 ’.Β
263 2830 426 2910 cartilago,
439 2850 513 2908 quae
525 2817 620 2890 locunt
632 2841 719 2909 atque
731 2831 854 2910 figuram
871 2850 919 2890 os-

175 2926 215 2986 aia
228 2922 391 3005 deponendi
399 2935 529 3005 occupat,
540 2928 613 2986 vasis
623 2926 839 2987 absorbentibus¹
849 2946 918 3003 par-
