2000 3450
160 253 246 306 -108
390 262 430 305 ns
444 258 727 304 summonuistis
819 254 826 268 ·

191 388 297 466 quibus
322 405 373 465 per
399 387 566 448 oellularum
587 387 782 445 membranam
809 392 932 446 oenuem

190 480 364 541 Carbonium
377 480 492 550 emittit,
503 479 591 557 ‘quod
609 478 840 556 conjunctionem
858 479 932 538 cho·

186 574 291 633 miosm
314 592 381 633 oum
404 573 559 652 Oxyge'nio
579 572 651 631 siris
673 572 873 649 atmospherici
891 572 927 630 in

186 668 296 728 cellulis
308 667 385 727 facit

226 761 261 827 Q.
282 762 364 834 Quid
379 760 513 837 sanguini
529 761 643 832 assidit,
663 760 805 822 Carbonio
817 759 881 836 ejus
894 778 928 817 ει

185 857 293 915 misso?

222 950 260 1007 u
281 949 405 1026 Sanguis
416 948 549 1025 protinus
561 949 674 1008 rubrior
686 947 728 1018 fit,
741 958 771 1007 et
783 949 934 1026 capacitas«

183 1053 244 1101 tam
261 1042 302 1100 ad
321 1042 484 1102 Calorioum
503 1042 702 1120 accipiendum
719 1041 856 1119 majorem
874 1060 924 1101 ac-

183 1137 279 1214 quirit.

224 1232 258 1299 Q.
278 1232 429 1312 Quantum
442 1230 578 1291 Carbonli
585 1231 617 1290 in
627 1231 675 1290 die
687 1249 723 1289 ex
734 1230 924 1308 pulmonibus

182 1325 344 1385 omittitur?
453 1333 455 1336 ’
516 1357 522 1364 -

220 1420 260 1479 R.
281 1418 500 1495 Experimsutis
509 1418 726 1478 accuratissimis
738 1418 839 1477 unciae
851 1437 921 1496 pro·

180 1511 379 1589 pi'undsoim
401 1512 479 1570 horis
495 1512 743 1591 vigintiquatuor,
762 1513 857 1571 emitti
874 1530 922 1571 ro·

178 1613 277 1681 perlae
289 1613 366 1664 sunt.

219 1699 255 1764 Q.
274 1702 325 1758 An
347 1701 464 1779 sanguis
485 1709 580 1760 totum
605 1701 668 1779 ejus
689 1699 864 1760 Carbonium
884 1700 919 1759 in

179 1795 366 1874 pulmonibus
378 1795 477 1872 eJioit?
647 1780 649 1785 ’

217 1891 256 1949 R.
275 1889 434 1947 Excessum
446 1888 583 1948 Carbonii
592 1888 724 1947 inutilem
736 1887 920 1947 solummodo

177 1983 264 2061 ejicit,
288 1982 360 2039 dum
382 1990 527 2039 oaeterum
548 1999 616 2040 oum
635 1982 784 2059 principiis
806 1981 918 2040 ultimis

177 2079 240 2152 ejus
252 2073 378 2132 ehemioi
390 2074 578 2151 conjunctum
590 2076 703 2135 retinet

215 2168 253 2234 Q.
273 2170 322 2225 An
334 2185 386 2244 per
403 2167 554 2244 pulmones
572 2169 666 2227 solum
685 2168 860 2230 Carbonium
877 2186 917 2228 ex

174 2261 314 2339 sauguine
323 2259 460 2337 ojicitur?

214 2356 253 2413 R.
272 2354 328 2412 Per
339 2355 534 2431 experimenta
547 2356 721 2423 carboniam
738 2357 813 2416 vasis
825 2359 914 2418 eaba

174 2448 301 2510 lantibus
323 2465 452 2507 summae
473 2450 548 2508 cutis
570 2468 685 2528 quoque
703 2449 797 2508 emitti
814 2468 913 2529 roper-

133 2571 135 2577 ’
170 2555 236 2602 tum
248 2550 299 2601 est
385 2585 390 2599 x

214 2637 249 2705 Q
267 2636 421 2706 Quomodo
434 2638 649 2698 Carboninmin
661 2640 802 2717 sanguine
812 2641 912 2720 gigni

170 2732 241 2790 tur?

106 2860 110 2863 ·
203 2824 247 2882 R.
266 2826 385 2886 Fibrina
401 2828 543 2905 usquein
561 2826 657 2909 chylo,
676 2846 771 2906 neque
788 2828 910 2907 lymphi

166 2916 265 2981 salhuc
277 2917 388 2981 detecta
401 2931 453 2993 est,
467 2922 504 2982 ab
517 2921 562 2983 his
574 2924 641 2985 veri
653 2922 684 2985 in
694 2921 842 3005 sangttinis
851 2922 910 2987 cit·
