2000 3450
144 195 215 249 ,242
447 202 487 242 us
502 202 609 244 usuris

159 337 264 389 exeunt
277 328 352 385 inter
365 346 427 385 sese
445 337 476 386 et
494 331 582 397 etism
600 347 668 386 cum
686 329 897 406 sympathetieo

158 423 380 491 communicant,
400 423 594 498 musculisque
605 421 758 479 rebursdm
771 423 899 484 ramulos

158 515 343 577 distribuunt.
480 512 484 519 ’

200 611 235 678 Q.
255 609 316 679 Qui
327 611 409 667 nervi
422 629 438 667 e
450 612 569 668 secundo
580 611 697 668 lumbari
709 611 866 670 oriuntur?

198 706 238 764 Β.
257 704 303 761 rs
316 703 450 773 secundo,
468 705 573 762 ramuli
585 703 715 761 funiculo
726 706 902 781 spermatico

158 800 193 857 iu
205 798 285 867 viris,
304 798 386 855 labiis
398 797 539 874 pudendi,
552 796 709 875 ligamento
720 798 854 869 rotundo,
867 810 901 858 et

159 904 242 965 utero
254 892 284 948 in
297 891 438 961 foeminis,
452 891 633 950 emittuntur.

199 986 235 1051 Q.
256 984 315 1063 Qui
330 985 413 1043 nervi
427 1005 464 1043 ex
475 985 538 1043 aliis
550 986 729 1045 lumbaribus
740 986 897 1047 oriuntur?

197 1081 236 1139 R.
257 1081 306 1141 Ex
324 1079 460 1148 seeundo,
478 1080 573 1148 tertio,
593 1089 624 1138 et
642 1090 744 1156 quarto
761 1080 899 1153 lumbari,

158 1194 258 1243 mrbus
267 1173 451 1233 obturatsrius
459 1172 596 1249 utrinque
605 1172 706 1242 oritur,
716 1181 746 1230 et
755 1192 900 1249 permus-

159 1269 239 1328 culos
251 1267 367 1325 femoris
379 1265 570 1324 distribuitur.
608 1267 703 1343 Major
715 1286 781 1349 pars
800 1276 903 1326 tamen

158 1361 255 1439 primi,
276 1360 408 1428 secundi,
432 1360 518 1430 tertii,
545 1370 574 1418 et
597 1360 692 1439 quarti
713 1361 898 1430 lumbarium,

159 1474 268 1512 nervum
281 1453 415 1510 cruralem
429 1453 549 1511 anticum
563 1453 721 1521 coustituit,
741 1453 791 1531 qui
803 1473 819 1510 e
831 1455 897 1531 pel-

158 1567 195 1606 ve
208 1566 276 1605 cum
287 1546 391 1604 asterii
403 1546 535 1604 femorali
546 1547 617 1617 exit,
630 1548 769 1605 musculis
780 1548 899 1607 femoris

158 1639 341 1721 potissimum
354 1640 541 1719 dispergitur,
553 1651 583 1699 et
595 1640 721 1717 denique
729 1642 761 1698 in
773 1658 856 1700 crure
868 1655 903 1702 et

159 1737 234 1816 pede
247 1734 399 1794 evanescit.

200 1832 235 1898 Q.
256 1830 337 1906 Quid
359 1829 396 1888 de
420 1831 516 1888 nervis
538 1831 692 1889 serdibus
716 1831 903 1908 potissimum

159 1926 299 1986 memorii
311 1925 432 2002 dignum
444 1944 506 1982 esse
517 1925 652 1982 videtur?

199 2020 237 2077 R.
257 2018 346 2075 Nerui
356 2018 477 2076 saerales
484 2019 651 2097 Insteiores
662 2018 801 2076 muserdis
820 2019 903 2078 dorsi

161 2113 328 2180 mittuntur,
349 2113 500 2170 amariores
513 2132 579 2170 cum
592 2112 807 2191 sympatheticis
819 2132 903 2171 eom-

160 2205 328 2276 municmt3
347 2225 472 2282 quorum
484 2206 581 2283 primi,
600 2207 728 2276 secundi,
741 2216 829 2283 atque
842 2217 904 2264 ter·

162 2301 205 2371 tii,
219 2319 286 2359 cum
298 2300 395 2376 quarti
406 2310 437 2358 et
448 2301 545 2377 quinti
556 2299 695 2358 lumbaris
703 2309 808 2358 trunco
820 2320 901 2358 com·
949 2323 955 2330 ·

161 2393 245 2462 muni
265 2393 419 2471 conjuncti,
440 2395 560 2471 plexum
582 2393 770 2462 constituunt,
791 2412 828 2450 ex
840 2413 901 2469 quo

162 2494 262 2547 umus
273 2487 403 2546 sciaticus
414 2487 565 2557 oritur‚‘ex
577 2487 689 2545 fibrillis
702 2505 817 2563 quoque
830 2487 903 2544 inde

161 2582 319 2639 orientibus
337 2600 437 2640 nervus
453 2582 571 2659 pudicus
580 2606 593 2650 ,·
614 2581 666 2659 qui
683 2580 821 2638 musculis
839 2579 901 2650 sni,

161 2675 304 2747 petinam,
315 2683 344 2731 et
352 2676 536 2751 genitalibus,
549 2675 732 2732 distribuitur
738 2696 749 2743 ;
761 2682 791 2731 et
800 2691 901 2732 uersus

159 2764 295 2841 glutem,
320 2768 371 2844 qui
396 2769 534 2848 musculis
557 2769 680 2848 glutitis
712 2765 898 2845 dispergitur,

161 2853 285 2928 origines
297 2855 416 2916 ducunt.
436 2891 447 2908 ,
