2000 3450
182 239 236 307 48·ν
367 253 405 317 ou
419 251 573 295 rucrsroue
587 250 727 293 camena

181 379 229 439 alii
241 379 403 456 imputare3
416 378 568 457 perperim
581 386 686 447 ouoem,
701 377 768 453 quia
779 395 849 435 usus
857 378 918 436 sin.

180 473 314 552 gularum
327 472 452 549 partium
464 472 559 529 adhuc
569 473 599 528 in
609 471 721 529 occulto
732 472 832 530 latent.
862 472 919 530 Pa.

182 579 225 627 tet
233 586 302 625 vero
314 565 517 643 experimentis
528 564 677 623 cerebrum
697 575 727 624 et
745 562 920 623 cerebellum

183 682 249 722 cum
262 661 389 719 medullri
401 659 514 739 spinuli,
534 680 608 737 quae
626 660 775 718 amborum
794 659 921 736 produc·

183 759 224 816 tio
242 756 375 817 habenda
392 764 445 825 est,
470 755 582 837 fontem
603 752 731 832 primum
749 762 836 830 atque
856 752 923 810 uni·

184 871 251 910 cum
273 870 343 921 esse,
367 848 444 907 unde
466 848 549 904 nervi
573 847 710 917 oriantur,
730 846 924 923 omnibusque

185 942 310 1021 corporis
323 941 451 1020 partibus
464 940 588 998 ramulos
600 940 725 1010 mittant,
745 940 850 1016 quibus
868 938 927 996 im-

184 1037 343 1115 pressiones
363 1055 466 1095 rerum·
480 1048 663 1094 externarum
682 1034 872 1111 accipiuntur,
895 1042 928 1092 et

186 1151 285 1197 sensus
298 1140 384 1211 atque
396 1128 491 1188 motus
504 1129 663 1187 excitantur
676 1129 707 1189 in
720 1147 846 1206 corpore.

226 1227 262 1293 Q.
282 1229 331 1284 Au
345 1225 504 1284 substantia
515 1223 624 1285 cerebri
636 1239 721 1288 sensu
740 1232 824 1286 acuto
842 1241 929 1300 prae-

187 1322 247 1381 dita
260 1321 323 1379 est?

192 1484 196 1489 ⁴
231 1415 264 1474 R.
286 1412 452 1473 Substantia
465 1412 573 1472 cerebri
592 1413 704 1497 cinerea
723 1411 931 1490 experimentis

189 1507 414 1567 anatomicorum
427 1525 512 1565 seusu
525 1508 598 1585 pene
611 1509 747 1568 destitute
760 1524 820 1569 esse
829 1524 934 1582 reper-

190 1611 220 1662 ta
238 1612 290 1671 est,
311 1601 467 1683 quiscum
490 1601 600 1667 irritata
622 1614 705 1672 esset,
727 1599 833 1659 animal
854 1600 932 1658 nihil

190 1696 295 1757 sentire
308 1695 467 1779 videbatur,
483 1714 550 1760 cum
572 1709 669 1758 autem
688 1693 847 1755 substantia
867 1713 930 1753 me-

191 1791 309 1876 clullaris
321 1790 430 1849 irritata
442 1801 525 1861 esset,
538 1792 645 1850 animal
658 1792 753 1849 statim
766 1790 796 1846 iu
809 1790 931 1848 convul-

192 1886 285 1945 siones
298 1884 511 1963 conjiciebatur,
533 1885 612 1962 quod
626 1886 730 1963 probat
750 1883 826 1948 hanc
844 1903 933 1950 seusu

178 1978 357 2041 'acutissimo
370 1996 431 2036 esse
444 1978 611 2053 praeditam.
652 1963 657 1971 ¹
683 2040 685 2044 ,
841 1961 844 1968 ⁴

171 2119 186 2128 ,
233 2072 268 2138 Q.
288 2074 368 2156 Quas
390 2071 509 2150 injurias
535 2074 684 2134 cerebrum
711 2074 830 2154 impune
856 2073 935 2140 ferre

192 2175 287 2247 potest
298 2170 310 2225 i

232 2246 269 2304 R.
291 2242 373 2303 Nihil
386 2251 495 2302 certum
509 2244 546 2303 de
559 2246 671 2324 injuriis
684 2247 792 2305 cerebri
805 2246 864 2304 dici
882 2266 935 2322 po-

192 2335 268 2409 vtest3
287 2344 353 2415 pars
366 2337 444 2394 anim
457 2339 576 2409 cerebri,
598 2338 676 2398 haud
696 2360 786 2418 parva
804 2340 936 2417 quidem,

192 2432 313 2492 'vulnere
326 2430 457 2489 submota
469 2441 522 2502 est,
530 2429 565 2491 'et
577 2443 674 2492 tamen
683 2453 778 2512 neque
787 2453 872 2503 mors,
883 2452 944 2490 ne·-

192 2526 252 2607 'que
265 2525 394 2583 defectus
407 2527 571 2596 memoriae,
585 2528 632 2586 vel
645 2528 816 2598 intellectus,
832 2546 938 2606 seque-

192 2622 288 2678 batur.
314 2620 711 2694 Pressuraauteminterdum
719 2622 849 2682 haudita
857 2643 940 2700 mag·

193 2725 235 2771 rra
247 2711 374 2771 dolorem
385 2714 497 2798 'capitis
522 2716 569 2774 vel
591 2716 791 2776 convulsiones
809 2717 940 2796 partium

197 2807 387 2890 quarundam,
406 2820 457 2873 aut
469 2809 558 2874 totius
571 2812 709 2892 corporis,
730 2811 777 2875 vel
795 2830 941 2894 soporem,

197 2909 309 2965 movet.'
