2000 3450
399 217 544 263 CIBORUM·
776 210 832 260 201

90 343 205 413 triculi,
224 351 324 402 ructus
343 353 373 402 et
391 344 538 402 interdum
557 344 681 403 vomitus
700 344 835 402 materiae

88 439 195 496 acidae
207 436 281 494 male
294 438 544 514 concoquentium,
554 446 583 495 et
592 437 787 512 experimenta
797 438 835 496 de

88 529 240 589 industris
250 548 343 606 nuper
354 531 486 589 instituta
505 550 629 608 quoque,
649 530 784 588 elimenta
801 533 834 589 in

89 625 256 683 ventriculo
267 624 392 682 hominis
401 625 462 682 sani
470 625 529 682 fere
538 624 748 702 aliquantulum
756 644 833 683 aces-

90 735 160 776 cere
172 727 202 775 et
214 718 432 776 fermentescere
445 717 609 776 ostendunt.

133 811 171 878 Q.
191 811 270 889 Quid
285 811 322 868 de
334 832 413 871 nacco
428 813 555 892 gastrioo
574 814 604 869 in
618 812 830 870 concoctionem

90 905 268 981 perficiendo
280 905 491 963 observandum
504 910 567 964 est?

128 1001 170 1058 R.
183 1000 293 1059 Succus
304 1000 444 1076 gastricus
457 999 616 1057 ventriculo
629 1001 683 1078 ipsi
696 1002 830 1078 proprius

89 1095 227 1154 extremis
238 1096 349 1153 arteriis
357 1095 508 1154 ventriculi
516 1106 640 1152 secretus
648 1096 725 1153 cibos
734 1096 829 1165 diluit,

89 1188 186 1259 solvit,
210 1188 345 1247 chemicis
363 1189 579 1257 mutationibus,
604 1189 756 1246 verisimile
775 1200 828 1257 est,

88 1282 177 1351 favet,
186 1281 434 1340 fermentationem
442 1281 560 1338 nimium
569 1281 732 1357 compescit,
741 1291 829 1359 atque

88 1375 120 1431 in
133 1374 253 1452 pulpam
266 1386 382 1434 tenuem
395 1376 499 1452 nempe
511 1375 634 1453 elymum
647 1374 761 1452 redigit,
776 1376 826 1453 qui

87 1487 140 1544 per
152 1470 287 1544 pylorum
300 1470 410 1528 transit.

125 1560 161 1625 Q·
182 1562 288 1643 Nonne
300 1562 385 1647 calor,
405 1565 523 1641 agitatio
542 1575 571 1623 et
588 1567 699 1634 tritura,
719 1573 749 1621 et
768 1564 827 1621 ier.

86 1655 224 1713 mentatio
235 1675 335 1734 aeque,
348 1676 382 1714 ac
392 1676 492 1716 succus
502 1658 651 1735 gastricus,
665 1657 824 1715 concoctio-
900 1697 903 1706 ·

86 1767 152 1807 nem
164 1749 296 1807 ciborum
308 1751 444 1808 festinant
457 1754 705 1827 promoventque?

122 1843 161 1901 R.
182 1842 269 1900 Calor
286 1843 452 1920 plurimum,
473 1842 592 1921 agitatio
610 1839 743 1909 multllm,
766 1842 822 1899 fer·

25 1933 26 1936 ’
86 1936 222 1995 mentatio
232 1936 280 1994 vix
288 1936 405 2014 aliquid,
420 1938 498 2006 facit,
512 1955 613 1995 succus
622 1937 820 2014 gastricusve·

86 2033 116 2088 rb
128 2031 254 2107 primum
267 2031 491 2089 instrumentum
501 2042 545 2089 est
557 2030 594 2088 sd
607 2030 821 2089 concoctionem

86 2123 212 2182 cibotum
224 2122 420 2182 festinandum
433 2135 521 2201 atquc
532 2122 771 2201 promovendum.

126 2217 158 2284 Q.
176 2218 225 2274 An
238 2237 334 2275 succus
347 2216 486 2294 gastricut
498 2217 697 2276 exhalantibus
710 2218 819 2275 ventri·

26 2327 27 2332 ¹
85 2310 140 2369 culi
154 2328 264 2386 semper
276 2310 454 2369 secernitur?

85 2387 89 2398 ¹
120 2404 157 2462 R.
171 2403 355 2462 Ventriculus
365 2405 436 2463 cibis
444 2405 603 2483 completus
615 2415 645 2462 et
654 2403 816 2461 stimulatus

83 2498 113 2554 in
124 2496 247 2555 actiones
259 2496 347 2554 sortes
355 2498 456 2568 cietur,
469 2507 499 2555 et
508 2507 571 2555 tum
581 2515 699 2555 succum
712 2495 816 2572 gastri-

83 2609 145 2648 cum
157 2589 348 2666 copiosissime
361 2592 483 2650 secernit
491 2614 502 2662 3
523 2609 589 2649 cum
608 2592 675 2646 verb
692 2589 814 2658 inanior,

83 2684 149 2741 cibis
160 2683 299 2760 paulatim
318 2685 468 2754 concoctis,
488 2684 584 2742 mimis
602 2683 763 2760 minusque,
783 2693 814 2741 et

83 2776 191 2835 tandem
205 2776 300 2834 inanis
312 2777 362 2835 vix
372 2778 481 2855 aliquid
494 2779 572 2836 succi
584 2777 660 2834 illius
674 2777 812 2835 secernit:

83 2890 135 2951 quo
146 2870 257 2948 plenior
266 2870 355 2948 igitur
367 2882 459 2930 certos
471 2870 625 2930 intraflnes
639 2869 813 2929 ventriculus
