2000 3450
179 207 247 283 cot,
366 230 406 273 nt
421 228 681 270 succoossrmco.
705 206 706 209 ’
775 284 776 287 ¹

217 364 251 427 Q.
271 359 301 417 si
315 357 372 416 cibi
385 358 417 414 in
429 355 588 413 ventriculo
596 355 676 431 justo
688 351 795 410 diutins
804 352 912 429 jacent,

134 443 136 447 ¹
177 473 272 516 nonne
282 453 312 509 in
326 450 573 508 fermentationem
585 448 715 505 abeunt?

213 551 251 607 R.
272 547 349 605 Cum
366 544 441 601 vires
464 542 615 600 ventriculi
636 541 746 599 debiles
761 537 846 612 sunt,
865 545 913 600 vei

174 664 242 703 cum
256 638 377 698 nimiirm
389 638 518 696 ciborum
538 655 591 712 pro
610 635 719 693 viribus
738 636 800 712 ejus
808 655 912 713 *recep-

173 746 323 804 tumeret,
347 732 450 791 solutio
469 740 497 788 et
517 730 663 787 concoctio
681 729 811 787 ciborum
831 731 913 788 tardo

174 840 251 900 sunt,
271 839 302 887 et
312 825 493 886 fermentatio
506 824 592 882 celeri
604 822 871 900 pedeingmvescit.

211 926 248 989 Q.
267 920 348 994 Quid
359 917 474 977 acidum
486 917 691 994 experimentis
702 918 865 976 recentibus
877 919 910 976 in

170 1037 255 1078 succo
267 1015 390 1093 gastrico
403 1013 550 1070 detectum
559 1016 625 1069 est?

207 1112 244 1170 R.
265 1107 391 1167 Acidum
404 1104 638 1182 phosphoricnm

154 1257 156 1263 .
209 1205 243 1271 Q.
264 1203 369 1263 Nonne
388 1200 443 1257 hoc
455 1198 571 1257 acidum
590 1199 621 1255 in
642 1201 803 1259 ventriculo
821 1205 908 1261 etiam

170 1297 258 1358 debili
270 1293 483 1354 fermentationi
496 1293 643 1350 obstaret?

205 1394 244 1451 R.
264 1390 404 1455 Fortasse,
417 1386 469 1444 sed
482 1387 640 1445 ventriculo
646 1398 765 1466 gravato
774 1389 907 1448 difficilli-

165 1503 246 1544 mum
260 1491 303 1540 est
321 1481 404 1538 dictu
416 1497 455 1536 an
474 1479 559 1536 succi·
572 1482 689 1556 gastrici
709 1482 837 1540 defectus
857 1484 905 1552 sit,

165 1579 212 1639 vel
231 1595 304 1635 onus
326 1575 457 1632 ciborum
477 1573 601 1632 nimium
620 1576 730 1634 viribus
753 1578 906 1634 ventriculi

165 1671 322 1749 concoqui3
336 1667 452 1728 interim
460 1670 527 1726 vero
535 1687 646 1728 remora
653 1671 820 1729 cibommet
830 1674 907 1731 calor

165 1768 256 1845 major
269 1761 421 1823 ventriculi
433 1762 644 1822 fermentationi
656 1765 763 1836 favent,
774 1786 849 1843 quae
858 1769 905 1845 ip.

165 1881 196 1920 se
207 1859 372 1938 praesertim
385 1855 475 1934 nimia
488 1858 664 1916 concoctioni
674 1860 768 1916 obstat
774 1882 784 1928 ‚·
799 1871 829 1918 et
838 1862 904 1938 plu-

164 1956 269 2014 rimum
277 1950 391 2010 acidum
402 1950 459 2019 vix,
474 1951 520 2007 vel
530 1971 567 2008 ne
579 1952 628 2009 vix
641 1953 768 2029 quidem,
783 1972 904 2013 concoc-

164 2049 272 2107 tionem
285 2046 436 2105 salutarem
449 2045 618 2104 restitueret

445 2377 485 2417 nn
498 2377 608 2426 curro.

201 2536 236 2600 Q.
257 2534 339 2611 Quae
350 2539 451 2590 natura
463 2542 506 2590 est
519 2532 617 2610 chyli?

199 2630 236 2686 R.
252 2628 366 2685 Humor
376 2626 508 2695 blandus,
522 2627 644 2697 albidus,
658 2628 724 2686 lacti
736 2628 836 2687 similis
846 2640 899 2698 est,

161 2730 190 2776 et
203 2721 282 2776 brevi
296 2730 425 2796 tempore
436 2738 503 2777 cum
516 2724 627 2806 steterit
639 2723 697 2781 a‘e'ri
707 2722 854 2799 expositus
867 2724 899 2779 in

159 2809 263 2878 serum,
277 2822 306 2869 et
318 2812 458 2888 globulos,
472 2828 591 2894 separet,
606 2816 656 2895 qui
670 2834 826 2875 cremorem
839 2816 898 2874 lac-

158 2901 194 2958 tis
207 2901 343 2964 similant.
567 2919 571 2922 ’
