2000 3450
149 213 205 277 194
358 223 398 267 us
413 221 576 265 ruursrmo
590 219 669 258 coin

147 349 276 427 plicitum
300 358 354 416 est,
377 357 407 404 et
429 343 582 423 praecipue
604 344 635 400 in
658 349 740 420 parre
762 340 890 418 regionis

148 442 319 508 umbilicalis
332 440 478 505 inferiore,
492 437 596 510 partim
610 437 640 493 in
654 434 820 511 regionibus
832 435 889 509 hy·

147 537 310 614 pogastriori
323 545 352 592 et
366 533 446 591 iliaci
460 532 561 588 dextri
577 540 664 605 atque
682 528 804 598 sinistri,
824 549 891 605 par·

148 631 203 688 tim
215 629 303 686 etism
320 629 352 686 iu
370 626 502 685 foeminis
521 623 667 680 interdum
687 623 718 679 in
737 621 831 698 pelve,
851 623 890 680 si-

149 735 214 780 tum
231 732 295 792 est,·
315 731 403 798 atque
415 722 446 777 in
459 729 546 794 ceput
559 735 675 774 caecum
688 715 744 772 coli
756 715 872 772 desinit.

192 816 225 883 Q.
241 815 394 892 Quomodo
406 814 447 883 fit,
462 823 495 871 ut
505 811 578 868 nihil
592 829 628 867 ex
638 809 731 886 eapite
741 809 893 867 caeoocoli

150 909 182 966 in
195 909 284 966 ileum
297 909 416 966 redeat?

190 1003 228 1060 Il.
250 1002 327 1079 Quia
346 1001 457 1059 vulvula
475 999 517 1058 ibi
535 998 627 1076 posita
641 1006 693 1067 est,
714 1017 788 1074 quae
799 997 893 1055 forms

151 1095 292 1153 labiorum
305 1115 351 1154 res
363 1095 445 1153 facile
458 1114 493 1152 ex
508 1094 564 1150 ileo
578 1094 608 1149 in
617 1101 704 1168 caput
712 1110 827 1148 caecum
836 1090 893 1148 coli

151 1189 274 1246 transire
287 1191 404 1266 patitur,
414 1189 495 1250 ‚viam
505 1197 601 1244 autem
608 1185 725 1256 claudit,
739 1196 769 1242 et
782 1185 895 1261 integra

153 1281 228 1341 nihil
242 1283 346 1341 exinde
360 1282 430 1340 sinit
443 1281 545 1339 redire.

69 1359 77 1373 '
195 1378 229 1443 o.
250 1379 333 1450 Quae
346 1389 389 1437 est
408 1379 516 1436 noma
532 1376 610 1434 uuus
622 1377 753 1434 valvuue
765 1375 819 1434 esu
832 1376 898 1433 ove

155 1472 224 1530 ilei?
372 1474 374 1479 '

194 1565 231 1623 R.
254 1562 382 1620 Tunicae
401 1562 449 1619 ilei
472 1582 570 1620 serves
593 1571 623 1619 et
644 1563 741 1620 villosa
759 1562 791 1641 vin
810 1571 896 1638 parte

154 1656 296 1715 anteriore
313 1665 405 1735 *atque
427 1656 584 1733 posteriore
606 1656 636 1712 in
661 1656 743 1714 colon
765 1654 897 1732 duplices

156 1751 331 1828 prominent,
345 1750 481 1827 sinusque
491 1750 565 1807 duos
573 1751 657 1809 libras
667 1750 842 1818 musculosus
850 1743 896 1807 in-

157 1844 306 1903 cludentes
318 1844 440 1910 faciunt,
460 1843 511 1919 qui
524 1843 610 1901 labris
623 1844 739 1914 similes,
752 1844 825 1901 alius
839 1846 897 1913 alii,

156 1938 229 1995 adeo
247 1940 392 2013 aptentur,
416 1948 458 2006 ut,
478 1936 556 2013 quod
576 1957 611 1993 ex
631 1937 768 1995 intestino
788 1937 844 1995 ileo
866 1939 898 1996 in

157 2031 241 2088 colon
252 2029 415 2106 expellitur,
429 2029 460 2086 id
473 2029 566 2086 redire
578 2041 711 2106 nequeat.
730 2031 827 2098 Labra
836 2031 898 2088 val·

158 2125 242 2180 vulae
263 2122 295 2177 in
315 2123 373 2181 situ
392 2123 510 2200 proprio
528 2123 693 2183 retinaculis
712 2123 773 2184 sive
792 2124 901 2184 fraenis

159 2216 326 2295 Morgagnii
338 2228 483 2276 tenentur.

371 2442 411 2484 Du
424 2442 589 2488 musmo
602 2445 686 2484 com.

201 2600 235 2666 Q.
256 2600 315 2658 Dic
327 2599 399 2657 mihi
411 2601 537 2659 breviter
548 2601 637 2659 situm
650 2599 779 2658 intestini
793 2601 874 2662 noli?

201 2695 238 2751 R.
257 2694 362 2765 Colon,
385 2695 464 2772 quod
486 2714 570 2773 saepe
589 2695 759 2752 intestinum
779 2696 903 2753 crassius

161 2783 221 2841 sire
233 2786 347 2862 plenius
364 2797 490 2859 vocatur,
512 2789 543 2846 in
562 2789 680 2867 regione
699 2788 781 2846 iliaci
800 2787 902 2846 dertrd

160 2875 273 2953 insipit,
286 2898 383 2940 renem
397 2890 464 2942 aule
476 2882 611 2944 dextrum
631 2882 767 2954 aseendit,
788 2882 900 2941 eontin-
