2000 3450
541 233 591 290 viii

106 410 116 429 ·
196 377 250 438 hac
274 397 307 436 re
331 383 427 436 autem
452 373 557 432 medici
581 374 656 432 inter
679 393 710 432 se
728 373 932 434 diaaeneerunt.

196 472 357 550 Collegium
375 469 453 528 enim
474 468 598 546 Regium
618 467 800 527 Medicorum
820 469 933 528 Londi-

194 585 285 625 nenee
297 586 331 625 ea
343 563 481 623 vocabula
494 581 569 620 nova
581 561 755 630 foeminiua3
775 563 847 621 dum
867 561 933 621 Col-

195 660 303 738 legium
319 658 441 736 Regium
462 656 641 713 Medicorum
660 655 882 733 Edinburgense
901 675 934 713 ea

194 755 360 821 masculina,
395 750 498 829 poenit.
514 750 516 753 ’
540 750 575 806 ln
601 750 655 807 hac
687 749 812 809 editione
844 751 934 827 igitur

194 857 325 906 nostrum
338 844 500 920 Collegium
515 842 637 919 Regium
652 842 830 901 Medicorum
841 843 933 901 Edin.

194 943 339 1017 burgense
357 950 471 999 aecutua
490 955 566 1005 aum,
587 954 677 1012 eaque
689 936 720 992 in
735 955 841 1013 genere
859 956 934 995 maa-

195 1036 293 1095 culino
305 1033 398 1113 poaui.

234 1130 392 1206 Nunquam
405 1121 476 1184 inihi
490 1128 522 1184 in
534 1125 662 1184 animum
672 1124 761 1193 venit,
775 1134 808 1182 ut
816 1125 935 1202 juvenis

194 1225 339 1301 ingenuus
353 1222 383 1279 in
395 1222 568 1280 medicinam
581 1221 751 1277 incumbens
762 1218 836 1276 nihil
845 1219 935 1287 aliud,

195 1320 283 1398 qudm
306 1336 352 1374 res
375 1316 406 1372 in
425 1316 481 1372 hoc
500 1313 599 1371 libello
619 1314 748 1390 scriptae,
770 1312 878 1390 legeret
898 1314 935 1371 ad

195 1431 263 1471 eum
276 1410 415 1467 idoneum
427 1406 617 1477 reddendum,
631 1406 683 1483 qui
692 1425 817 1465 summos
829 1407 862 1464 in
875 1427 935 1466 me·
985 1406 986 1411 '

116 1559 118 1563 .
195 1500 291 1563 dicina
303 1499 424 1560 honoiea
442 1510 642 1577 consequatur,
664 1509 698 1559 ut
711 1521 728 1558 a
741 1496 847 1559 Critico
860 1522 934 1579 quo·

195 1600 263 1657 dam
282 1606 414 1676 putatum
434 1605 486 1653 eat.
526 1596 645 1663 contri,
673 1604 706 1652 ut
725 1594 811 1652 libros
833 1615 934 1654 omnes

195 1702 344 1753 auctorum
358 1688 616 1759 celeberrimorum,
637 1689 687 1765 qui
707 1688 800 1747 multo
818 1688 933 1766 plenius

195 1789 233 1848 de
255 1788 341 1846 rebua
364 1784 471 1844 nostrie
494 1782 687 1851 tractaverint,
715 1781 814 1839 sedulo
839 1782 917 1860 legat
923 1805 934 1852 ς

147 1901 152 1908 ’
193 1882 300 1941 deinde
312 1880 367 1937 hoc
385 1876 538 1956 parvulum
559 1877 703 1945 volumen,
724 1888 758 1933 ut
776 1877 932 1953 epitomen,

81 2003 84 2026 ι
118 1969 121 1984 ²
194 1977 281 2035 rebus
294 1971 451 2030 utilissimis
463 1971 601 2027 refertum
615 1970 745 2047 accipiat,
766 1980 796 2028 et
808 1969 933 2047 diligen-

194 2080 239 2127 ter
260 2066 383 2133 studeat,
405 2064 531 2122 multum
553 2063 667 2122 suadeo.
706 2064 766 2122 Hic
786 2064 864 2122 euim
888 2083 932 2122 rea

194 2161 361 2241 praecipuae
380 2158 421 2215 ita
445 2153 579 2216 tractatae
597 2157 734 2227 inveniet,
754 2166 787 2214 ut
805 2158 932 2234 apitium

195 2258 281 2334 quim
295 2253 448 2311 minimum
461 2262 611 2328 occupent.

233 2351 280 2408 De
293 2347 387 2417 modo,
403 2346 550 2414 Generosi,
572 2365 630 2422 quo
643 2364 749 2404 manua
761 2346 930 2422 peregerim,

190 2446 303 2524 judicer
315 2451 383 2511 eate,
397 2451 436 2511 et,
449 2441 545 2518 quoad
561 2440 688 2510 fecerim,
701 2439 770 2500 boni
782 2438 929 2498 consulite.

192 2539 301 2597 Valete.

140 2649 146 2664 ’
232 2669 459 2718 normannum

194 2734 265 2783 Por.
274 2734 339 2780 Nou.
352 2736 498 2798 Nouembris.

278 2810 419 2849 MDCCCXX·
