2000 3450
283 260 620 306 susrourcscrsrssr.
782 252 820 306 45

16 436 17 439 ,
70 387 128 457 tis,
142 403 218 465 pone
231 385 370 446 thalamos
382 387 491 465 opticus
504 397 533 447 et
545 406 631 466 supra
639 387 694 448 iter
705 406 724 445 s
735 386 821 446 tertio

79 480 119 540 ud
132 490 268 558 quartum
281 480 474 540 ventriculum
488 482 559 559 quid
571 483 696 562 conspici
709 483 774 541 est?
805 480 807 483 ’

120 575 160 634 R
180 574 272 634 Nuter
290 586 320 635 et
336 583 423 646 testes,
444 576 505 634 sive
518 576 657 635 tuberculo
674 574 820 656 qrsodrige-

81 670 169 741 mirra,
189 677 219 727 et
231 669 366 747 glandula
380 668 502 749 pineulir
520 670 751 748 conspiciuntur.
770 685 821 727 ns·

82 772 130 822 tes
149 764 317 842 superiores,
336 774 423 824 testes
443 765 592 824 inferiores
614 775 706 825 sunt
729 765 823 842 Supra

83 866 165 916 nutes
177 855 315 937 glandula
326 859 446 938 pinerlis
458 859 513 918 sits
527 868 579 929 est,
599 878 674 937 quse
691 858 823 918 commis·

84 969 168 1010 surae
180 951 290 1011 cerebri
301 951 450 1031 posteriori
462 951 644 1012 adhaerescit.

21 1084 30 1101 .
124 1044 161 1111 Q·
181 1038 238 1107 His
251 1045 379 1125 pertibus
398 1045 508 1106 cerebri
529 1046 678 1118 submotis,
697 1042 801 1125 quid
791 1065 822 1104 ur

84 1149 273 1220 conspectum
285 1142 387 1201 venit?

124 1236 164 1293 R.
187 1233 345 1294 Tentorium
367 1233 496 1305 cerebelli,
519 1233 597 1312 quod
615 1234 696 1292 lobos
715 1232 824 1292 cerebri

86 1327 259 1407 posteriores
277 1336 427 1399 sustentat,
445 1338 533 1407 atquc
552 1327 724 1387 cerebellum
742 1326 823 1404 tegit.

77 1422 157 1482 Hbc
168 1430 246 1481 secto
257 1431 287 1482 et
299 1420 421 1494 subluto,
429 1423 504 1502 falc
520 1422 609 1482 minor
627 1442 645 1481 a
662 1431 744 1499 purte
762 1420 825 1500 ejus

85 1516 183 1576 medis
195 1517 353 1588 descendit,
372 1531 402 1577 et
419 1517 592 1577 cerebellum
605 1515 636 1576 in
648 1517 708 1575 duo
719 1516 825 1577 hemis-

85 1611 207 1690 phaeria
217 1613 304 1671 etiam
316 1612 429 1673 dividit.

127 1706 163 1774 Q.
184 1707 258 1781 Quis
270 1716 314 1766 est
326 1714 495 1785 conspectus
507 1703 647 1784 generalis
660 1702 792 1766 cerebelli
809 1722 814 1729 ·

126 1807 166 1864 R.
189 1802 354 1863 Cerebellum
373 1801 489 1861 cerebro
512 1800 613 1870 simile,
640 1801 699 1858 duo
720 1800 826 1859 hemis·

80 1899 216 1979 plosoris,
236 1896 450 1958 convolutiones
460 1895 520 1954 sive
532 1911 618 1971 gyros
630 1893 778 1972 plurimos,
798 1903 828 1953 et

88 1994 238 2054 materiam
248 2009 363 2071 quoque
371 1992 513 2051 cinereum
522 1996 552 2047 et
560 1988 746 2063 medullarem
753 1983 829 2047 inter

89 2108 121 2148 se
132 2088 175 2148 its
182 2087 374 2167 pulcherrime
387 2086 554 2145 sltemetam
566 2084 662 2153 hebet,
675 2081 709 2140 ut
718 2091 827 2141 sectum

91 2183 125 2240 in
144 2181 352 2261 perpendiculo
373 2181 449 2239 inter
466 2177 688 2258 hemisphaerio,
703 2178 828 2237 arborem

92 2275 163 2335 vitoe
174 2281 377 2354 repraesentet.

134 2370 168 2435 Q„
189 2370 252 2429 Ubi
265 2370 337 2428 situs
349 2377 393 2427 est
405 2367 579 2427 ventriculus
592 2370 732 2444 quartus?

133 2466 172 2523 R.
193 2463 366 2524 Ventriculus
387 2472 503 2541 qrsurtru
525 2463 611 2537 suprsl
630 2461 744 2518 vulvulb
769 2460 829 2517 sive

98 2557 160 2615 velo
168 2556 340 2626 Vieussenii
353 2555 429 2614 inlrsl
438 2554 564 2614 medullt
573 2556 734 2629 oblongam,
743 2563 830 2630 utque

98 2651 128 2710 in
140 2651 277 2711 luteribus
290 2651 437 2722 ambobus,
447 2650 578 2708 cruribus
587 2646 726 2715 cerebelli,
740 2647 831 2705 conti-

15 2793 16 2796 ,
98 2757 190 2804 netur.
221 2744 281 2803 lter
297 2764 315 2802 a
332 2744 416 2802 tertio
435 2743 471 2801 ud
488 2752 623 2822 quartum
639 2741 831 2801 ventriculum

99 2838 214 2916 obliqui
227 2836 381 2896 retmrsirm
393 2837 555 2896 descendit*
626 2863 628 2866 ·

15 2947 16 2952 ’
140 2934 174 3002 Q.
195 2932 278 3004 Quae
290 2942 333 2992 est
344 2932 452 2993 calculo
469 2931 641 2991 Vicussenii?
