2000 3450
177 243 234 299 210
362 291 367 299 .
479 256 711 303 nastasia-4

213 384 251 441 R.
272 383 318 440 Ex
331 381 439 459 poplite
453 392 482 438 et
502 381 589 437 latere
601 399 678 456 genu
691 378 805 438 interno
818 384 914 442 trunci

174 476 292 569 quidam
314 495 393 533 nunc
413 476 510 551 plures
532 493 610 530 nunc
631 474 787 548 pauciores,
813 494 917 533 venam

175 546 347 644 iaphaenam
374 569 551 636 comitantes,
577 567 631 623 alia
654 585 721 623 vasa
742 569 774 624 in
796 587 918 626 ascensu

174 658 354 738 recipientes,
369 672 398 720 et
408 662 549 735 plexum
540 682 571 718 ln
585 671 665 736 parte
677 661 812 718 femoris
803 666 918 719 interna

174 764 203 811 et
216 757 357 814 anteriore
369 757 514 824 facientes,
535 755 573 811 ad
585 754 735 830 glandulas
754 755 921 830 inguinales

174 844 267 924 usque
279 850 445 907 ascendunt.

214 941 247 1008 Q.
269 944 374 1000 Nonne
386 943 441 999 alia
453 942 631 1018 lymphatica
648 941 798 1018 glandulas
817 941 915 1017 ingui-

171 1035 251 1092 nales
264 1036 486 1111 ingrediuntur
479 1037 490 1077 >

210 1129 248 1184 R.
272 1129 467 1206 Lymphatica
479 1146 591 1185 summa
604 1128 685 1204 penis
699 1137 728 1184 et
745 1102 916 1202 genitaliurrr

168 1221 370 1291 foeminarum,
390 1232 420 1280 et
433 1240 517 1297 saepe
536 1222 682 1298 profunda
702 1240 825 1296 quoque,
849 1220 914 1277 illas

169 1316 321 1392 glandulas
335 1314 495 1383 intrantffit
507 1314 566 1370 huc
579 1314 657 1371 virus
668 1333 831 1380 venereum,
845 1332 913 1370 cum

170 1410 283 1465 incaute
297 1417 443 1483 receptum
457 1417 527 1471 erat,
541 1407 692 1474 invehunt,
713 1407 791 1483 quod
804 1426 860 1475 eas,
879 1417 913 1464 ut

167 1501 355 1568 inflamment,
376 1509 537 1556 tumescant
536 1501 822 1576 atquemagnopere
830 1500 913 1556 dole

168 1601 227 1661 ant,
241 1592 360 1651 facit.

208 1686 242 1757 Q.
263 1688 312 1744 An
335 1686 432 1743 omnia
453 1685 631 1762 lymphatica
649 1686 732 1762 penis
751 1695 781 1743 ct
799 1686 913 1762 genita-

167 1779 239 1837 lium
267 1779 458 1836 soeminarum
487 1797 541 1855 per
568 1778 719 1855 glandulas
750 1779 914 1854 inguinales

166 1874 336 1931 transeunt?

204 1969 242 2025 R.
265 1954 423 2034 interduiu,
446 1966 497 2024 sed
511 1984 583 2033 raro,
603 1967 634 2021 in
647 1965 797 2041 glandulas
811 1965 909 2023 iliacas

166 2060 272 2116 directe
286 2070 445 2128 transeunt,
458 2068 488 2116 et
500 2078 535 2117 ea
547 2058 621 2116 ratio
630 2069 682 2127 est,
695 2077 746 2115 cur
755 2058 910 2134 aliquando

166 2152 244 2209 virus
267 2171 419 2210 venereum
439 2153 606 2229 recipiatur,
628 2162 658 2210 et
677 2153 708 2209 in
721 2169 835 2229 corpus,
856 2151 911 2209 ho-

165 2247 244 2305 mine
256 2246 357 2315 inscio,
370 2247 510 2305 inferatur
530 2245 592 2304 sine
609 2245 770 2304 tumoribus
784 2245 912 2321 glandu-

149 2337 257 2399 'larum
271 2341 471 2419 inguinalium.
552 2381 554 2388 ,

205 2437 240 2500 Q
259 2437 309 2493 An
321 2434 497 2512 lymphatica
511 2435 548 2492 ab
560 2434 623 2492 aliia
636 2399 766 2511 partibus
779 2452 832 2510 per
844 2433 908 2491 illas

164 2527 316 2605 glandulas
328 2529 490 2605 inguinales
504 2532 675 2588 transeunt?

158 2657 161 2663 ·
203 2624 241 2680 R.
260 2620 452 2698 Lymphatica
473 2640 586 2682 summa
604 2641 622 2679 a
641 2630 723 2698 parte
745 2619 908 2680 abdominis

163 2711 306 2782 inferiore,
320 2723 351 2771 et
362 2714 454 2789 pelvis
466 2714 554 2774 etiam
567 2713 599 2776 in
611 2733 659 2774 eas
671 2713 789 2774 intrant.
816 2729 819 2734 ·
872 2777 876 2782 ,
902 2731 905 2734 ·

203 2803 240 2866 Q.
248 2798 341 2880 ‘Quid
351 2805 388 2862 de
401 2805 584 2882 lymphaticis
601 2806 753 2882 profundis
763 2803 906 2872 *emeni-

162 2903 254 2953 tatum
268 2895 436 2958 inferiorum
448 2897 542 2957 notari
555 2899 665 2966 debet?v
780 2977 785 2984 ι
