<?xml version="1.0" encoding="UTF-8"?>
<!DOCTYPE html PUBLIC "-//W3C//DTD XHTML 1.0 Transitional//EN"
    "http://www.w3.org/TR/xhtml1/DTD/xhtml1-transitional.dtd">
<html xmlns="http://www.w3.org/1999/xhtml" xml:lang="en" lang="en">
 <head>
  <title>
</title>
<meta http-equiv="Content-Type" content="text/html;charset=utf-8" />
  <meta name='ocr-system' content='tesseract 3.04.00' />
  <meta name='ocr-capabilities' content='ocr_page ocr_carea ocr_par ocr_line ocrx_word'/>
</head>
<body>
  <div class='ocr_page' id='page_1' title='image "./colloquiaanatom01robegoog_0201.png"; bbox 0 0 2000 3450; ppageno 0'>
   <div class='ocr_carea' id='block_1_1' title="bbox 317 279 836 337">
    <p class='ocr_par' dir='ltr' id='par_1_1' title="bbox 317 279 836 337">
     <span class='ocr_line' id='line_1_1' title="bbox 317 279 836 337; baseline 0.006 -10"><span class='ocrx_word' id='word_1_1' title='bbox 317 290 364 330; x_wconf 79' lang='lat' dir='ltr'><strong>nu</strong></span> <span class='ocrx_word' id='word_1_2' title='bbox 380 290 505 332; x_wconf 70' lang='lat' dir='ltr'><strong>aunensi</strong></span> <span class='ocrx_word' id='word_1_3' title='bbox 520 292 603 332; x_wconf 81' lang='lat' dir='ltr'><strong>murs.</strong></span> <span class='ocrx_word' id='word_1_4' title='bbox 781 279 836 337; x_wconf 86' lang='lat'><strong>175</strong></span> 
     </span>
    </p>
   </div>
   <div class='ocr_carea' id='block_1_2' title="bbox 147 578 771 629">
    <p class='ocr_par' dir='ltr' id='par_1_2' title="bbox 147 578 771 629">
     <span class='ocr_line' id='line_1_2' title="bbox 147 578 771 629; baseline -0.002 -9"><span class='ocrx_word' id='word_1_5' title='bbox 147 580 189 620; x_wconf 72' lang='lat' dir='ltr'><strong>DE</strong></span> <span class='ocrx_word' id='word_1_6' title='bbox 203 578 284 629; x_wconf 75' lang='lat' dir='ltr'>BILE,</span> <span class='ocrx_word' id='word_1_7' title='bbox 300 578 338 618; x_wconf 82' lang='lat' dir='ltr'><strong>ET</strong></span> <span class='ocrx_word' id='word_1_8' title='bbox 353 578 424 620; x_wconf 74' lang='lat' dir='ltr'>EJUS</span> <span class='ocrx_word' id='word_1_9' title='bbox 438 580 586 619; x_wconf 79' lang='lat' dir='ltr'>CHEMICIS</span> <span class='ocrx_word' id='word_1_10' title='bbox 600 578 771 619; x_wconf 69' lang='lat' dir='ltr'><strong>eumeleus.</strong></span> 
     </span>
    </p>
   </div>
   <div class='ocr_carea' id='block_1_3' title="bbox 88 749 908 1390">
    <p class='ocr_par' dir='ltr' id='par_1_3' title="bbox 129 749 651 825">
     <span class='ocr_line' id='line_1_3' title="bbox 129 749 651 825; baseline 0.002 -19"><span class='ocrx_word' id='word_1_11' title='bbox 129 749 176 814; x_wconf 82' lang='lat' dir='ltr'><strong>Q.·</strong></span> <span class='ocrx_word' id='word_1_12' title='bbox 185 749 269 820; x_wconf 84' lang='lat' dir='ltr'><strong>Quae</strong></span> <span class='ocrx_word' id='word_1_13' title='bbox 281 760 365 807; x_wconf 87' lang='lat' dir='ltr'><strong>notae</strong></span> <span class='ocrx_word' id='word_1_14' title='bbox 377 750 465 807; x_wconf 88' lang='lat' dir='ltr'><strong>bilem</strong></span> <span class='ocrx_word' id='word_1_15' title='bbox 478 750 651 825; x_wconf 85' lang='lat' dir='ltr'><strong>designant?</strong></span> 
     </span>
    </p>

    <p class='ocr_par' dir='ltr' id='par_1_4' title="bbox 88 842 833 1100">
     <span class='ocr_line' id='line_1_4' title="bbox 128 842 833 918; baseline -0.004 -18"><span class='ocrx_word' id='word_1_16' title='bbox 128 844 166 900; x_wconf 76' lang='lat' dir='ltr'><strong>R.</strong></span> <span class='ocrx_word' id='word_1_17' title='bbox 186 844 257 900; x_wconf 89' lang='lat' dir='ltr'><strong>Bilis</strong></span> <span class='ocrx_word' id='word_1_18' title='bbox 271 844 364 901; x_wconf 89' lang='lat' dir='ltr'><strong>colore</strong></span> <span class='ocrx_word' id='word_1_19' title='bbox 374 844 514 902; x_wconf 89' lang='lat' dir='ltr'><strong>subviridi</strong></span> <span class='ocrx_word' id='word_1_20' title='bbox 524 855 553 902; x_wconf 86' lang='lat' dir='ltr'><strong>et</strong></span> <span class='ocrx_word' id='word_1_21' title='bbox 564 842 692 901; x_wconf 89' lang='lat' dir='ltr'><strong>subflavo</strong></span> <span class='ocrx_word' id='word_1_22' title='bbox 702 851 754 909; x_wconf 87' lang='lat' dir='ltr'><strong>est,</strong></span> <span class='ocrx_word' id='word_1_23' title='bbox 768 859 833 918; x_wconf 81' lang='lat' dir='ltr'><strong>gra-</strong></span> 
     </span>
     <span class='ocr_line' id='line_1_5' title="bbox 88 937 832 1021; baseline -0.001 -28"><span class='ocrx_word' id='word_1_24' title='bbox 88 937 185 1021; x_wconf 67' lang='lat' dir='ltr'><strong>uitatis</strong></span> <span class='ocrx_word' id='word_1_25' title='bbox 198 941 272 1015; x_wconf 71' lang='lat' dir='ltr'><strong>aqud</strong></span> <span class='ocrx_word' id='word_1_26' title='bbox 284 939 408 1016; x_wconf 85' lang='lat' dir='ltr'><strong>majoris,</strong></span> <span class='ocrx_word' id='word_1_27' title='bbox 422 958 522 1015; x_wconf 85' lang='lat' dir='ltr'><strong>sapore</strong></span> <span class='ocrx_word' id='word_1_28' title='bbox 531 959 637 1004; x_wconf 89' lang='lat' dir='ltr'><strong>amaro,</strong></span> <span class='ocrx_word' id='word_1_29' title='bbox 647 937 734 994; x_wconf 90' lang='lat' dir='ltr'><strong>odore</strong></span> <span class='ocrx_word' id='word_1_30' title='bbox 744 953 832 1012; x_wconf 86' lang='lat' dir='ltr'><strong>pecu-</strong></span> 
     </span>
     <span class='ocr_line' id='line_1_6' title="bbox 89 1031 793 1100; baseline -0.001 -13"><span class='ocrx_word' id='word_1_31' title='bbox 89 1031 161 1100; x_wconf 87' lang='lat' dir='ltr'><strong>liari,</strong></span> <span class='ocrx_word' id='word_1_32' title='bbox 176 1032 299 1090; x_wconf 86' lang='lat' dir='ltr'><strong>colorem</strong></span> <span class='ocrx_word' id='word_1_33' title='bbox 309 1033 448 1090; x_wconf 85' lang='lat' dir='ltr'><strong>violarum</strong></span> <span class='ocrx_word' id='word_1_34' title='bbox 462 1032 493 1089; x_wconf 93' lang='lat' dir='ltr'><strong>in</strong></span> <span class='ocrx_word' id='word_1_35' title='bbox 508 1033 629 1091; x_wconf 88' lang='lat' dir='ltr'><strong>viridem</strong></span> <span class='ocrx_word' id='word_1_36' title='bbox 642 1031 793 1089; x_wconf 84' lang='lat' dir='ltr'><strong>convertit.</strong></span> 
     </span>
    </p>

    <p class='ocr_par' dir='ltr' id='par_1_5' title="bbox 89 1124 831 1276">
     <span class='ocr_line' id='line_1_7' title="bbox 130 1124 831 1207; baseline -0.009 -24"><span class='ocrx_word' id='word_1_37' title='bbox 130 1124 165 1189; x_wconf 79' lang='lat' dir='ltr'><strong>Q.</strong></span> <span class='ocrx_word' id='word_1_38' title='bbox 186 1125 268 1196; x_wconf 82' lang='lat' dir='ltr'>Quae</span> <span class='ocrx_word' id='word_1_39' title='bbox 282 1126 410 1185; x_wconf 85' lang='lat' dir='ltr'><strong>chemiea</strong></span> <span class='ocrx_word' id='word_1_40' title='bbox 424 1125 565 1207; x_wconf 87' lang='lat' dir='ltr'><strong>principia</strong></span> <span class='ocrx_word' id='word_1_41' title='bbox 577 1127 628 1184; x_wconf 93' lang='lat' dir='ltr'><strong>bili</strong></span> <span class='ocrx_word' id='word_1_42' title='bbox 641 1126 767 1184; x_wconf 85' lang='lat' dir='ltr'><strong>bubulae</strong></span> <span class='ocrx_word' id='word_1_43' title='bbox 785 1124 831 1180; x_wconf 81' lang='lat' dir='ltr'><strong>in-</strong></span> 
     </span>
     <span class='ocr_line' id='line_1_8' title="bbox 89 1219 179 1276; baseline 0.022 -2"><span class='ocrx_word' id='word_1_44' title='bbox 89 1228 156 1275; x_wconf 89' lang='lat' dir='ltr'><strong>sunt</strong></span> <span class='ocrx_word' id='word_1_45' title='bbox 168 1219 179 1276; x_wconf 71' lang='grc' dir='ltr'><strong><em>ἓ</em></strong></span> 
     </span>
    </p>

    <p class='ocr_par' dir='ltr' id='par_1_6' title="bbox 128 1308 908 1390">
     <span class='ocr_line' id='line_1_9' title="bbox 128 1308 908 1390; baseline -0.01 -19"><span class='ocrx_word' id='word_1_46' title='bbox 128 1314 166 1370; x_wconf 75' lang='lat' dir='ltr'><strong>R.</strong></span> <span class='ocrx_word' id='word_1_47' title='bbox 185 1316 279 1390; x_wconf 76' lang='lat' dir='ltr'><strong>Aqua,</strong></span> <span class='ocrx_word' id='word_1_48' title='bbox 304 1314 419 1382; x_wconf 88' lang='lat' dir='ltr'><strong>Resina‚</strong></span> <span class='ocrx_word' id='word_1_49' title='bbox 444 1313 593 1381; x_wconf 85' lang='lat' dir='ltr'><strong>Pieromel,</strong></span> <span class='ocrx_word' id='word_1_50' title='bbox 618 1310 739 1369; x_wconf 82' lang='lat' dir='ltr'><strong>Materia</strong></span> <span class='ocrx_word' id='word_1_51' title='bbox 759 1308 832 1365; x_wconf 87' lang='lat' dir='ltr'><strong>flava</strong></span> <span class='ocrx_word' id='word_1_52' title='bbox 902 1323 908 1328; x_wconf 87' lang='grc'><em>·</em></span> 
     </span>
    </p>
   </div>
   <div class='ocr_carea' id='block_1_4' title="bbox 91 1404 938 1493">
    <p class='ocr_par' dir='ltr' id='par_1_7' title="bbox 91 1404 938 1493">
     <span class='ocr_line' id='line_1_10' title="bbox 91 1404 938 1493; baseline -0.004 -30"><span class='ocrx_word' id='word_1_53' title='bbox 91 1406 229 1464; x_wconf 88' lang='lat' dir='ltr'><strong>albumini</strong></span> <span class='ocrx_word' id='word_1_54' title='bbox 243 1408 353 1477; x_wconf 90' lang='lat' dir='ltr'><strong>similis,</strong></span> <span class='ocrx_word' id='word_1_55' title='bbox 372 1408 457 1476; x_wconf 83' lang='lat' dir='ltr'><strong>Soda,</strong></span> <span class='ocrx_word' id='word_1_56' title='bbox 479 1407 627 1485; x_wconf 89' lang='lat' dir='ltr'><strong>Phosphas</strong></span> <span class='ocrx_word' id='word_1_57' title='bbox 641 1405 742 1473; x_wconf 85' lang='lat' dir='ltr'><strong>Sodae,</strong></span> <span class='ocrx_word' id='word_1_58' title='bbox 763 1404 833 1461; x_wconf 86' lang='lat' dir='ltr'><strong>Mu·</strong></span> <span class='ocrx_word' id='word_1_59' title='bbox 932 1488 938 1493; x_wconf 29' lang='lat'><strong>·</strong></span> 
     </span>
    </p>
   </div>
   <div class='ocr_carea' id='block_1_5' title="bbox 41 1497 887 3094">
    <p class='ocr_par' dir='ltr' id='par_1_8' title="bbox 41 1497 830 1672">
     <span class='ocr_line' id='line_1_11' title="bbox 90 1497 830 1579; baseline -0.003 -22"><span class='ocrx_word' id='word_1_60' title='bbox 90 1501 145 1558; x_wconf 84' lang='lat' dir='ltr'><strong>rias</strong></span> <span class='ocrx_word' id='word_1_61' title='bbox 164 1500 265 1569; x_wconf 83' lang='lat' dir='ltr'><strong>Sodae,</strong></span> <span class='ocrx_word' id='word_1_62' title='bbox 290 1501 412 1578; x_wconf 85' lang='lat' dir='ltr'><strong>Sulphas</strong></span> <span class='ocrx_word' id='word_1_63' title='bbox 434 1502 535 1572; x_wconf 87' lang='lat' dir='ltr'><strong>Sodae‚</strong></span> <span class='ocrx_word' id='word_1_64' title='bbox 560 1500 707 1579; x_wconf 88' lang='lat' dir='ltr'><strong>Phosphas</strong></span> <span class='ocrx_word' id='word_1_65' title='bbox 728 1497 830 1567; x_wconf 75' lang='lat' dir='ltr'><strong>(taleis,</strong></span> 
     </span>
     <span class='ocr_line' id='line_1_12' title="bbox 41 1594 756 1672; baseline 0.007 -22"><span class='ocrx_word' id='word_1_66' title='bbox 41 1598 46 1609; x_wconf 86' lang='lat'>&#39;</span> <span class='ocrx_word' id='word_1_67' title='bbox 89 1605 118 1651; x_wconf 88' lang='lat' dir='ltr'><strong>et</strong></span> <span class='ocrx_word' id='word_1_68' title='bbox 131 1595 284 1672; x_wconf 86' lang='lat' dir='ltr'><strong>parvulum</strong></span> <span class='ocrx_word' id='word_1_69' title='bbox 297 1596 387 1669; x_wconf 72' lang='lat' dir='ltr'><strong>Ouidi</strong></span> <span class='ocrx_word' id='word_1_70' title='bbox 400 1597 490 1655; x_wconf 89' lang='lat' dir='ltr'><strong>Ferri.</strong></span> <span class='ocrx_word' id='word_1_71' title='bbox 754 1594 756 1597; x_wconf 64' lang='grc'><strong>’</strong></span> 
     </span>
    </p>

    <p class='ocr_par' dir='ltr' id='par_1_9' title="bbox 132 1688 769 1768">
     <span class='ocr_line' id='line_1_13' title="bbox 132 1688 769 1768; baseline -0.008 -21"><span class='ocrx_word' id='word_1_72' title='bbox 132 1689 164 1757; x_wconf 81' lang='lat' dir='ltr'><strong>Q.</strong></span> <span class='ocrx_word' id='word_1_73' title='bbox 186 1690 341 1768; x_wconf 84' lang='lat' dir='ltr'><strong>Quomodo</strong></span> <span class='ocrx_word' id='word_1_74' title='bbox 353 1688 425 1747; x_wconf 86' lang='lat' dir='ltr'><strong>mibi</strong></span> <span class='ocrx_word' id='word_1_75' title='bbox 441 1689 573 1764; x_wconf 73' lang='lat' dir='ltr'><strong>Albumen</strong></span> <span class='ocrx_word' id='word_1_76' title='bbox 586 1689 731 1748; x_wconf 79' lang='lat' dir='ltr'><strong>ostendis?</strong></span> <span class='ocrx_word' id='word_1_77' title='bbox 768 1737 769 1742; x_wconf 73' lang='grc'>,</span> 
     </span>
    </p>

    <p class='ocr_par' dir='ltr' id='par_1_10' title="bbox 88 1771 832 2053">
     <span class='ocr_line' id='line_1_14' title="bbox 88 1771 831 1868; baseline -0.008 -25"><span class='ocrx_word' id='word_1_78' title='bbox 88 1771 93 1780; x_wconf 84' lang='grc'><strong>’</strong></span> <span class='ocrx_word' id='word_1_79' title='bbox 128 1786 166 1842; x_wconf 76' lang='lat' dir='ltr'><strong>a.</strong></span> <span class='ocrx_word' id='word_1_80' title='bbox 185 1785 313 1843; x_wconf 77' lang='lat' dir='ltr'><strong>nicom</strong></span> <span class='ocrx_word' id='word_1_81' title='bbox 327 1784 384 1842; x_wconf 78' lang='lat' dir='ltr'><strong>une</strong></span> <span class='ocrx_word' id='word_1_82' title='bbox 397 1784 516 1868; x_wconf 56' lang='lat' dir='ltr'><strong>mistum</strong></span> <span class='ocrx_word' id='word_1_83' title='bbox 529 1775 625 1840; x_wconf 64' lang='lat' dir='ltr'><strong>suum</strong></span> <span class='ocrx_word' id='word_1_84' title='bbox 634 1782 770 1838; x_wconf 72' lang='lat' dir='ltr'><strong>albumen</strong></span> <span class='ocrx_word' id='word_1_85' title='bbox 783 1799 831 1837; x_wconf 56' lang='lat' dir='ltr'><strong>ce</strong></span> 
     </span>
     <span class='ocr_line' id='line_1_15' title="bbox 90 1876 832 1958; baseline -0.009 -20"><span class='ocrx_word' id='word_1_86' title='bbox 90 1880 205 1958; x_wconf 82' lang='lat' dir='ltr'><strong>agulare</strong></span> <span class='ocrx_word' id='word_1_87' title='bbox 217 1881 295 1950; x_wconf 86' lang='lat' dir='ltr'><strong>facit,</strong></span> <span class='ocrx_word' id='word_1_88' title='bbox 316 1880 394 1957; x_wconf 91' lang='lat' dir='ltr'><strong>quod</strong></span> <span class='ocrx_word' id='word_1_89' title='bbox 408 1880 439 1936; x_wconf 94' lang='lat' dir='ltr'><strong>in</strong></span> <span class='ocrx_word' id='word_1_90' title='bbox 455 1879 566 1955; x_wconf 87' lang='lat' dir='ltr'><strong>liquore</strong></span> <span class='ocrx_word' id='word_1_91' title='bbox 585 1876 671 1935; x_wconf 89' lang='lat' dir='ltr'><strong>viridi</strong></span> <span class='ocrx_word' id='word_1_92' title='bbox 690 1885 779 1943; x_wconf 81' lang='lat' dir='ltr'><strong>natat,</strong></span> <span class='ocrx_word' id='word_1_93' title='bbox 803 1882 832 1933; x_wconf 92' lang='lat' dir='ltr'><strong>et</strong></span> 
     </span>
     <span class='ocr_line' id='line_1_16' title="bbox 93 1976 462 2053; baseline -0.003 -20"><span class='ocrx_word' id='word_1_94' title='bbox 93 1976 211 2034; x_wconf 89' lang='lat' dir='ltr'><strong>colando</strong></span> <span class='ocrx_word' id='word_1_95' title='bbox 223 1976 346 2053; x_wconf 88' lang='lat' dir='ltr'><strong>separari</strong></span> <span class='ocrx_word' id='word_1_96' title='bbox 359 1985 462 2052; x_wconf 89' lang='lat' dir='ltr'><strong>potest.</strong></span> 
     </span>
    </p>

    <p class='ocr_par' dir='ltr' id='par_1_11' title="bbox 131 2067 713 2142">
     <span class='ocr_line' id='line_1_17' title="bbox 131 2067 713 2142; baseline -0.005 -14"><span class='ocrx_word' id='word_1_97' title='bbox 131 2070 165 2135; x_wconf 79' lang='lat' dir='ltr'><strong>Q.</strong></span> <span class='ocrx_word' id='word_1_98' title='bbox 185 2071 252 2142; x_wconf 83' lang='lat' dir='ltr'><strong>Quo</strong></span> <span class='ocrx_word' id='word_1_99' title='bbox 265 2071 351 2128; x_wconf 90' lang='lat' dir='ltr'><strong>modo</strong></span> <span class='ocrx_word' id='word_1_100' title='bbox 364 2070 456 2128; x_wconf 82' lang='lat' dir='ltr'><strong>resina</strong></span> <span class='ocrx_word' id='word_1_101' title='bbox 469 2069 534 2127; x_wconf 90' lang='lat' dir='ltr'><strong>bilis</strong></span> <span class='ocrx_word' id='word_1_102' title='bbox 547 2067 713 2127; x_wconf 85' lang='lat' dir='ltr'><strong>obtinetur?</strong></span> 
     </span>
    </p>

    <p class='ocr_par' dir='ltr' id='par_1_12' title="bbox 79 2160 832 2610">
     <span class='ocr_line' id='line_1_18' title="bbox 131 2160 830 2244; baseline -0.007 -21"><span class='ocrx_word' id='word_1_103' title='bbox 131 2165 168 2223; x_wconf 85' lang='lat' dir='ltr'><strong>R.</strong></span> <span class='ocrx_word' id='word_1_104' title='bbox 187 2166 298 2241; x_wconf 86' lang='lat' dir='ltr'><strong>Liquor</strong></span> <span class='ocrx_word' id='word_1_105' title='bbox 311 2163 419 2234; x_wconf 88' lang='lat' dir='ltr'><strong>viridis,</strong></span> <span class='ocrx_word' id='word_1_106' title='bbox 439 2183 474 2221; x_wconf 88' lang='lat' dir='ltr'><strong>ex</strong></span> <span class='ocrx_word' id='word_1_107' title='bbox 488 2184 547 2241; x_wconf 93' lang='lat' dir='ltr'><strong>quo</strong></span> <span class='ocrx_word' id='word_1_108' title='bbox 565 2164 718 2244; x_wconf 81' lang='lat' dir='ltr'><strong>Albnmen</strong></span> <span class='ocrx_word' id='word_1_109' title='bbox 738 2160 830 2219; x_wconf 78' lang='lat' dir='ltr'><strong>Aleo-</strong></span> 
     </span>
     <span class='ocr_line' id='line_1_19' title="bbox 91 2248 832 2338; baseline -0.004 -23"><span class='ocrx_word' id='word_1_110' title='bbox 91 2248 157 2316; x_wconf 85' lang='lat' dir='ltr'><strong>bole</strong></span> <span class='ocrx_word' id='word_1_111' title='bbox 170 2268 332 2335; x_wconf 82' lang='lat' dir='ltr'><strong>separatum</strong></span> <span class='ocrx_word' id='word_1_112' title='bbox 345 2267 427 2338; x_wconf 82' lang='lat' dir='ltr'><strong>esset,</strong></span> <span class='ocrx_word' id='word_1_113' title='bbox 448 2268 600 2336; x_wconf 84' lang='lat' dir='ltr'><strong>vaporatus</strong></span> <span class='ocrx_word' id='word_1_114' title='bbox 619 2257 743 2315; x_wconf 87' lang='lat' dir='ltr'><strong>resinam</strong></span> <span class='ocrx_word' id='word_1_115' title='bbox 762 2256 832 2312; x_wconf 80' lang='lat' dir='ltr'><strong>viri·</strong></span> 
     </span>
     <span class='ocr_line' id='line_1_20' title="bbox 91 2348 831 2429; baseline -0.008 -18"><span class='ocrx_word' id='word_1_116' title='bbox 91 2354 157 2411; x_wconf 88' lang='lat' dir='ltr'><strong>dem</strong></span> <span class='ocrx_word' id='word_1_117' title='bbox 171 2353 299 2429; x_wconf 89' lang='lat' dir='ltr'><strong>deponit,</strong></span> <span class='ocrx_word' id='word_1_118' title='bbox 313 2351 556 2422; x_wconf 86' lang='lat' dir='ltr'><strong>inflammabilem,</strong></span> <span class='ocrx_word' id='word_1_119' title='bbox 576 2353 607 2408; x_wconf 91' lang='lat' dir='ltr'><strong>in</strong></span> <span class='ocrx_word' id='word_1_120' title='bbox 626 2348 766 2414; x_wconf 82' lang='lat' dir='ltr'><strong>Alcohole</strong></span> <span class='ocrx_word' id='word_1_121' title='bbox 785 2368 831 2406; x_wconf 81' lang='lat' dir='ltr'><strong>so-</strong></span> 
     </span>
     <span class='ocr_line' id='line_1_21' title="bbox 79 2442 832 2530; baseline -0.009 -26"><span class='ocrx_word' id='word_1_122' title='bbox 79 2447 220 2530; x_wconf 66' lang='lat' dir='ltr'><strong>lubilem,</strong></span> <span class='ocrx_word' id='word_1_123' title='bbox 241 2456 271 2502; x_wconf 86' lang='lat' dir='ltr'><strong>et</strong></span> <span class='ocrx_word' id='word_1_124' title='bbox 282 2447 357 2522; x_wconf 64' lang='lat' dir='ltr'><strong>aquis</strong></span> <span class='ocrx_word' id='word_1_125' title='bbox 368 2446 456 2504; x_wconf 74' lang='lat' dir='ltr'><strong>affusal</strong></span> <span class='ocrx_word' id='word_1_126' title='bbox 468 2445 704 2524; x_wconf 65' lang='lat' dir='ltr'><strong>praecipitatum</strong></span> <span class='ocrx_word' id='word_1_127' title='bbox 726 2443 758 2506; x_wconf 84' lang='lat' dir='ltr'><strong>in</strong></span> <span class='ocrx_word' id='word_1_128' title='bbox 777 2442 832 2499; x_wconf 83' lang='lat' dir='ltr'><strong>Al.</strong></span> 
     </span>
     <span class='ocr_line' id='line_1_22' title="bbox 91 2538 694 2610; baseline -0.008 -12"><span class='ocrx_word' id='word_1_129' title='bbox 91 2541 191 2598; x_wconf 85' lang='lat' dir='ltr'><strong>calinis</strong></span> <span class='ocrx_word' id='word_1_130' title='bbox 202 2538 361 2610; x_wconf 88' lang='lat' dir='ltr'><strong>solubilem,</strong></span> <span class='ocrx_word' id='word_1_131' title='bbox 374 2551 404 2598; x_wconf 86' lang='lat' dir='ltr'><strong>et</strong></span> <span class='ocrx_word' id='word_1_132' title='bbox 416 2541 517 2600; x_wconf 86' lang='lat' dir='ltr'><strong>Acidis</strong></span> <span class='ocrx_word' id='word_1_133' title='bbox 530 2538 694 2597; x_wconf 88' lang='lat' dir='ltr'><strong>demissum.</strong></span> 
     </span>
    </p>

    <p class='ocr_par' dir='ltr' id='par_1_13' title="bbox 88 2632 831 2807">
     <span class='ocr_line' id='line_1_23' title="bbox 131 2632 831 2714; baseline 0.001 -23"><span class='ocrx_word' id='word_1_134' title='bbox 131 2633 168 2700; x_wconf 82' lang='lat' dir='ltr'><strong>Q.</strong></span> <span class='ocrx_word' id='word_1_135' title='bbox 191 2636 343 2710; x_wconf 85' lang='lat' dir='ltr'><strong>Quomodo</strong></span> <span class='ocrx_word' id='word_1_136' title='bbox 348 2635 548 2714; x_wconf 78' lang='lat' dir='ltr'><strong>picromelsive</strong></span> <span class='ocrx_word' id='word_1_137' title='bbox 557 2632 704 2691; x_wconf 86' lang='lat' dir='ltr'><strong>materiam</strong></span> <span class='ocrx_word' id='word_1_138' title='bbox 715 2649 831 2692; x_wconf 86' lang='lat' dir='ltr'><strong>suavem</strong></span> 
     </span>
     <span class='ocr_line' id='line_1_24' title="bbox 88 2719 479 2807; baseline -0.005 -18"><span class='ocrx_word' id='word_1_139' title='bbox 88 2719 119 2789; x_wconf 79' lang='lat' dir='ltr'><strong>et</strong></span> <span class='ocrx_word' id='word_1_140' title='bbox 132 2730 281 2788; x_wconf 88' lang='lat' dir='ltr'><strong>subacrem</strong></span> <span class='ocrx_word' id='word_1_141' title='bbox 293 2730 479 2807; x_wconf 85' lang='lat' dir='ltr'><strong>adipisceris?</strong></span> 
     </span>
    </p>

    <p class='ocr_par' dir='ltr' id='par_1_14' title="bbox 41 2820 887 3094">
     <span class='ocr_line' id='line_1_25' title="bbox 131 2820 820 2900; baseline -0.001 -16"><span class='ocrx_word' id='word_1_142' title='bbox 131 2827 169 2884; x_wconf 85' lang='lat' dir='ltr'><strong>R.</strong></span> <span class='ocrx_word' id='word_1_143' title='bbox 190 2825 291 2900; x_wconf 85' lang='lat' dir='ltr'><strong>Quum</strong></span> <span class='ocrx_word' id='word_1_144' title='bbox 314 2825 488 2881; x_wconf 88' lang='lat' dir='ltr'><strong>sub-Aeetas</strong></span> <span class='ocrx_word' id='word_1_145' title='bbox 502 2823 618 2881; x_wconf 90' lang='lat' dir='ltr'><strong>Plumbi</strong></span> <span class='ocrx_word' id='word_1_146' title='bbox 631 2820 682 2880; x_wconf 87' lang='lat' dir='ltr'><strong>bili</strong></span> <span class='ocrx_word' id='word_1_147' title='bbox 704 2824 820 2883; x_wconf 88' lang='lat' dir='ltr'><strong>additur</strong></span> 
     </span>
     <span class='ocr_line' id='line_1_26' title="bbox 92 2918 887 2995; baseline -0.006 -16"><span class='ocrx_word' id='word_1_148' title='bbox 92 2920 241 2980; x_wconf 88' lang='lat' dir='ltr'><strong>Albnmen</strong></span> <span class='ocrx_word' id='word_1_149' title='bbox 263 2919 326 2995; x_wconf 88' lang='lat' dir='ltr'><strong>ejus</strong></span> <span class='ocrx_word' id='word_1_150' title='bbox 345 2928 375 2975; x_wconf 88' lang='lat' dir='ltr'><strong>et</strong></span> <span class='ocrx_word' id='word_1_151' title='bbox 393 2918 487 2976; x_wconf 83' lang='lat' dir='ltr'><strong>resina</strong></span> <span class='ocrx_word' id='word_1_152' title='bbox 506 2938 572 2977; x_wconf 90' lang='lat' dir='ltr'><strong>cum</strong></span> <span class='ocrx_word' id='word_1_153' title='bbox 595 2919 692 2978; x_wconf 85' lang='lat' dir='ltr'><strong>Oxido</strong></span> <span class='ocrx_word' id='word_1_154' title='bbox 714 2920 830 2978; x_wconf 90' lang='lat' dir='ltr'><strong>Plumbi</strong></span> <span class='ocrx_word' id='word_1_155' title='bbox 867 2956 887 2968; x_wconf 71' lang='grc'><strong>,-</strong></span> 
     </span>
     <span class='ocr_line' id='line_1_27' title="bbox 41 3012 832 3094; baseline -0.003 -21"><span class='ocrx_word' id='word_1_156' title='bbox 41 3075 47 3086; x_wconf 62' lang='grc'><strong><em>,</em></strong></span> <span class='ocrx_word' id='word_1_157' title='bbox 94 3015 246 3092; x_wconf 86' lang='lat' dir='ltr'><strong>conjuncta</strong></span> <span class='ocrx_word' id='word_1_158' title='bbox 272 3012 396 3086; x_wconf 83' lang='lat' dir='ltr'><strong>cadunt3</strong></span> <span class='ocrx_word' id='word_1_159' title='bbox 422 3014 517 3094; x_wconf 91' lang='lat' dir='ltr'><strong>liquor</strong></span> <span class='ocrx_word' id='word_1_160' title='bbox 542 3015 660 3088; x_wconf 75' lang='lat' dir='ltr'><strong>solatus,</strong></span> <span class='ocrx_word' id='word_1_161' title='bbox 687 3026 717 3074; x_wconf 88' lang='lat' dir='ltr'><strong>et</strong></span> <span class='ocrx_word' id='word_1_162' title='bbox 738 3012 832 3072; x_wconf 88' lang='lat' dir='ltr'><strong>rivulo</strong></span> 
     </span>
    </p>
   </div>
   <div class='ocr_carea' id='block_1_6' title="bbox 0 0 1004 3450">
    <p class='ocr_par' dir='ltr' id='par_1_15' title="bbox 0 0 1004 3450">
     <span class='ocr_line' id='line_1_28' title="bbox 0 0 1004 3450; baseline 0 0"><span class='ocrx_word' id='word_1_163' title='bbox 0 0 1004 3450; x_wconf 95' lang='lat' dir='ltr'><strong> </strong></span> 
     </span>
    </p>
   </div>
  </div>
 </body>
</html>
