2000 3450
150 231 205 286 114
396 240 436 282 nr
451 236 633 282 sruuorrua
731 267 745 277 ,

149 378 204 427 unt
215 389 224 436 ;
249 381 371 443 quarum
383 365 458 421 iuter
470 380 521 421 ora
532 361 664 439 angulus,
684 357 745 417 aive
760 357 887 418 uberent·

90 476 93 483 ⁴
150 453 720 536 lumLeueriquadrupedumxproprium
733 453 888 531 prominet.

191 552 228 619 Q·
247 552 309 613 Ubi
322 560 366 609 eat
381 549 494 608 vulvula
507 545 677 605 Eustachii?

121 657 128 670 ’
189 647 228 705 R.
248 645 297 704 Ad
309 645 385 703 latua
400 643 547 701 sinistrum
564 639 629 698 finis
642 658 733 699 venae
744 659 830 700 eavae
843 639 891 697 iu·

152 739 263 799 ferioris
282 736 390 796 vulvula
409 732 554 794 Eustachii
572 741 633 792 eat:
653 735 736 811 eujus
757 734 795 792 ad
813 734 893 791 latus

153 831 301 891 sinistrum
317 829 378 888 hiat
396 846 428 886 oa
447 844 537 885 venae
554 826 725 897 coronariae,
738 827 819 904 quod
830 827 893 887 ual-

153 925 217 983 uule
226 922 383 982 identidem
395 920 511 981 claudit.
532 939 536 944 ·

195 1016 231 1083 Q.
250 1017 330 1075 Num
339 1015 467 1075 auricula
477 1032 546 1074 cum
559 1014 719 1075 ventriculo
730 1013 894 1073 eommuni-

154 1113 223 1171 eat?

194 1205 233 1263 R.
253 1202 396 1263 Auriculr
417 1212 447 1261 et
465 1203 545 1261 sinus
564 1220 687 1261 venosus
705 1202 806 1260 dexter
824 1219 894 1263 eum

118 1340 120 1343 ψ
157 1297 317 1356 ventriculo
342 1295 444 1354 dextro
469 1296 530 1354 aive
555 1293 722 1373 pulmouali,
748 1294 896 1355 liberrimi:

158 1388 387 1458 communierut3
407 1387 539 1453 valrulae
546 1386 717 1464 tricuspidea
729 1387 805 1446 iuter
816 1389 896 1447 auri·
929 1441 933 1446 ,

158 1482 253 1541 culam
261 1490 291 1539 et
298 1480 490 1566 ventriculum
498 1479 568 1539 ritae
578 1479 724 1540 interdum
731 1482 808 1540 viam
817 1481 897 1541 clau·

159 1575 243 1645 dunt,
256 1593 295 1632 ue
304 1573 420 1651 sanguis
433 1572 542 1632 refluat

200 1668 234 1736 Q.
248 1666 330 1740 Quid
341 1666 438 1726 videre
450 1666 482 1725 in
490 1667 584 1727 fundo
592 1666 735 1729 auriculae
747 1675 777 1727 et
789 1668 899 1727 ventri·

161 1762 220 1822 culi
232 1766 406 1840 possumus?

200 1859 239 1918 R.
260 1859 296 1915 Iu
315 1864 397 1933 parte
413 1857 527 1916 interni
542 1855 687 1915 auriculae
704 1854 824 1914 chordas
836 1875 902 1915 car·

161 1969 254 2019 noser,
264 1949 399 2007 musculos
411 1950 554 2008 auriculae
560 1950 712 2027 peetiauloe
721 1947 820 2019 dietas,
832 1969 902 2008 ven·
987 2011 991 2015 ,

161 2041 258 2107 triculi
270 2032 409 2100 columnae
420 2041 621 2101 camur-retia
633 2041 726 2101 forma
738 2042 900 2119 dispariter,

162 2136 294 2195 videmus
303 2158 313 2207 3
333 2153 455 2212 quarum
465 2135 588 2194 chordae
600 2135 751 2195 teudineae
769 2136 807 2194 ad
824 2126 902 2193 mar-

164 2228 246 2308 gines
271 2229 451 2287 vulvularum
475 2227 667 2306 tricuspidum
692 2229 903 2307 adjunguntur,

164 2341 246 2401 quas,
265 2341 312 2393 ue,
326 2322 485 2382 ventriculo
496 2322 691 2393 contrahente,
701 2323 733 2380 in
744 2323 904 2382 auriculam

164 2424 287 2485 vertent,
300 2415 461 2493 prohibent

208 2511 242 2579 Q
260 2508 345 2587 Quid
366 2508 403 2568 de
426 2509 545 2567 arteriae
567 2508 739 2587 pulmonalia
761 2509 854 2580 initio,
873 2519 906 2569 et

169 2603 290 2661 valvulis
303 2602 521 2660 semiluuaribua
534 2603 690 2661 observas?

208 2698 245 2752 R.
267 2697 293 2754 E
318 2695 476 2754 ventriculo
497 2695 600 2754 dextro
617 2697 722 2756 arteria
738 2697 906 2775 pulmunalir

169 2786 267 2857 oritur,
285 2791 368 2866 cujus
379 2789 417 2850 ad
428 2790 544 2851 initium
556 2797 611 2852 lrer
623 2791 748 2852 aululae
759 2790 904 2852 semilatra-
