2000 3450
667 3 999 17 *W

167 270 208 317 nr
222 273 357 318 rhenica
371 268 490 317 nucrus
505 273 680 315 rnonacrcr.
733 261 789 316 als

48 402 274 482 diaphragmatis
281 400 418 470 ascendit,
428 418 600 476 cursumque
607 399 694 458 habet
701 399 791 456 flexu·

48 518 131 556 mum
144 515 225 556 nunc
237 495 369 574 simplex,
382 513 461 554 nunc
471 493 589 563 divisus,
599 494 673 551 inter
682 504 796 552 aortam
872 546 875 550 Α

48 602 137 669 atque
149 610 252 648 venam
265 609 378 666 azygon
391 590 422 646 in
436 588 608 645 mediastino
615 589 771 664 posteriore
778 611 790 658 3

50 693 113 741 tum
125 684 205 761 apud
218 684 378 740 vertebram
391 682 469 739 dorsi
480 681 593 738 tertiam
604 681 652 738 vel
661 690 792 758 quartam

49 797 125 854 pone
140 776 336 854 oesophagum
355 794 512 852 arcumque
531 783 627 832 aortae
649 762 792 832 sinistros

49 872 239 949 stimoblique
252 871 355 941 tendit,
364 870 412 928 -ad
424 869 585 928 vertebram
598 868 715 926 cervicis
728 887 792 925 sex-

50 974 110 1023 tam
123 985 215 1042 usque
228 965 365 1034 ascendit,
388 973 451 1021 tum
474 981 572 1020 arcum
591 964 660 1043 ¹facit
682 971 793 1029 antror·

50 1045 124 1128 sim,
145 1058 196 1115 ubi
209 1077 276 1115 vasa
288 1057 463 1134 lymphatica
475 1058 600 1134 partium
613 1055 792 1132 superiorum

51 1151 147 1210 lateris
160 1151 267 1208 sinistri
280 1151 392 1227 accipit,
406 1149 556 1227 paululum
570 1149 728 1215 descendit,
748 1158 791 1205 at-

52 1250 109 1321 que
122 1245 154 1302 in
167 1247 242 1302 venit
255 1243 400 1302 subclavib
412 1243 545 1313 sinistra,r
555 1242 606 1299 ubi
619 1260 692 1298 vena
700 1241 791 1318 juga1

52 1337 118 1395 laris
128 1337 241 1395 interna
253 1336 356 1406 influit,
371 1337 514 1397 seminat.

91 1431 128 1496 Q,
148 1432 231 1502 Quae
243 1430 409 1509 estscbriou
422 1431 517 1491 ductus
525 1429 682 1491 thoracici?

90 1525 130 1582 R.
149 1524 270 1581 Fabrica
279 1523 345 1600 ejus
358 1525 574 1583 membranacea
586 1533 639 1592 est,
659 1521 689 1579 vi
701 1522 804 1580 resilis·

53 1618 122 1684 endi
134 1620 240 1694 magna
252 1616 389 1697 praedita,
414 1625 443 1674 et
455 1619 587 1693 plurimis
607 1615 729 1673 valvulis
748 1608 796 1673 sel

53 1712 242 1772 milunaribus
251 1709 330 1768 binis
338 1706 429 1767 vsimul
442 1711 544 1786 positis
557 1711 705 1775 instructa,
719 1728 793 1784 quae

53 1806 224 1863 descensum
248 1801 362 1872 fluidae,
390 1821 476 1880 quam
503 1802 607 1859 ductus
639 1800 793 1869 contineat,

54 1894 215 1978 prohibent.

93 1995 130 2059 Q.
152 1996 304 2052 Ductuane
316 1994 475 2053 thoracibus
485 2013 551 2052 vasa
560 1990 736 2071 lymphatica
743 1996 794 2053 ab·

55 2088 179 2148 dominis
192 2097 221 2145 et
233 2086 356 2144 thoracis
369 2090 399 2144 in
413 2107 532 2146 ascensu
546 2106 598 2144 suo
608 2086 730 2163 recipit?
795 2145 797 2148 .

94 2183 132 2240 R
152 2181 269 2240 Ductus
291 2179 562 2257 thoracicusprope
582 2181 795 2255 receptaculum

57 2274 133 2350 chyli
146 2272 322 2349 lymphatica
335 2291 437 2333 renum
450 2282 480 2330 et
492 2273 672 2349 capsularum
691 2275 796 2330 renali-

56 2386 116 2436 um,
129 2365 222 2431 lienis,
242 2363 408 2439 pancrsatis,
432 2364 593 2432 ventriculi,
618 2370 647 2418 et
659 2364 795 2440 pleraque

56 2457 176 2537 hepatis,
190 2456 293 2531 recipit
299 2478 310 2526 ς
329 2456 361 2514 in
373 2457 488 2515 thorace
501 2456 676 2534 lymphatica
689 2458 795 2533 spatio«

58 2572 121 2610 rum
134 2552 210 2608 inter
223 2557 322 2618 metas,
341 2549 478 2626 pleraque
490 2549 670 2626 pulmonum,
691 2550 794 2621 cordis,

57 2643 217 2722 pericardii,
230 2651 261 2700 et
272 2642 434 2720 oesophagi,
444 2643 555 2719 recipit.

97 2737 131 2803 Q.
151 2736 220 2808 Quo
231 2735 356 2794 tendunt
367 2735 422 2793 alia
440 2735 624 2813 lymphatica,
643 2721 718 2815 ¹quae
735 2758 794 2802 non

58 2829 89 2894 in
102 2830 193 2892 ductu
205 2829 348 2889 thoracico
359 2829 535 2891 terminant?
793 2817 796 2822 ⁸
