2000 3450
152 236 157 245 ⁵
206 251 265 315 226
408 270 449 313 ne
461 264 605 311 essenus
619 268 743 319 urruns,

243 393 280 451 R.
303 392 339 450 In
349 391 465 451 calculis
474 393 574 452 urinae
583 393 710 455 Acidum
721 393 854 464 Unicum,
869 397 948 456 Uras

180 510 182 521 ¹
204 486 385 555 Ammonias,
407 486 555 564 Phosphss
575 485 677 555 Odeis,
698 485 845 566 Phosphas
859 490 948 568 Mag.

205 579 300 638 nesius
314 589 343 638 et
356 580 541 649 Ammonius,
570 580 675 639 Oxelus
688 580 791 663 Cslcis,
812 583 947 645 Oxidunr

205 673 364 750 Cysticum,
379 674 475 742 Silicn,
488 683 518 732 et
532 674 654 735 Materia
664 673 821 746 Animslis,
832 677 948 739 detecta

206 778 284 827 sunt.

245 862 279 928 Q.
300 862 413 935 Quibus
432 863 508 920 notis
521 846 623 921 calculi
637 881 673 919 ex
687 862 781 921 Acido
794 862 894 934 Urico,
915 874 948 923 et

206 955 297 1012 Urnte
309 954 481 1013 Ammonias
493 954 644 1030 compositi
657 953 888 1031 dignoscuntur?

243 1047 280 1106 R.
301 1047 410 1106 Calculi
422 1068 459 1107 ex
471 1048 566 1107 Acido
586 1047 676 1106 Urico
695 1048 857 1127 compositi,
876 1060 947 1111 sunt

204 1140 287 1210 fusci,
301 1142 392 1218 politi,
403 1152 490 1219 utque
499 1141 581 1219 ligno
590 1141 716 1211 similes3
730 1161 766 1198 ex
775 1143 864 1200 Urate
872 1144 949 1200 Am·

124 1283 129 1297 ,
204 1228 329 1306 monice,
339 1236 447 1314 priores
455 1237 593 1305 referunt,
607 1234 838 1315 sedplerumque
846 1236 949 1293 lumel-

204 1329 240 1387 lis
253 1330 348 1389 curvis
361 1330 493 1389 instructi
508 1339 584 1387 sunt.

244 1422 281 1487 Q.
303 1423 417 1501 Quibus
429 1425 516 1481 rebus
529 1421 630 1481 cuculi
643 1422 687 1480 illi
699 1423 858 1501 incorpore
870 1423 947 1481 solvi

203 1524 333 1591 possunt.
663 1574 667 1585 ⁴

241 1606 279 1669 R.
300 1609 409 1667 Calculi
428 1627 464 1668 ex
477 1608 572 1669 Acido
589 1611 692 1680 Unico,
708 1621 739 1669 et
752 1612 846 1683 'Urate
863 1614 946 1671 Am-

203 1702 315 1761 moniae
334 1703 495 1781 compositi,
520 1704 551 1762 in
574 1705 718 1764 solutione
735 1704 875 1774 Potsssne,
896 1706 948 1766 vel

150 1851 153 1858 .
205 1798 298 1856 Sodse
311 1798 487 1858 adeodilunt
503 1798 636 1858 facillime
655 1798 816 1868 solvuntur,
836 1808 870 1856 ut
889 1798 947 1856 inr-

202 1893 281 1970 punb
294 1891 325 1950 in
342 1892 537 1954 ventriculum
551 1891 720 1969 excipiatur,
738 1915 741 1922 ·
785 1949 790 1959 ,

244 1985 279 2050 Q.
299 1985 413 2055 Quibus
425 1985 502 2043 notis
515 1985 617 2044 calculi
633 2003 670 2041 ex
690 1984 853 2061 Phosphate
873 1985 946 2043 cal-

203 2080 252 2149 cis,
263 2088 293 2136 et
302 2078 463 2153 Phosphste
472 2077 639 2155 Magnesiae
646 2088 676 2138 et
683 2078 865 2147 Ammoniue,
877 2077 945 2155 dig-

202 2170 340 2230 noscendi
353 2175 443 2229 sunt?

241 2267 279 2324 Il.
293 2263 402 2323 Calculi
409 2284 445 2323 ex
456 2265 620 2343 Pbot'phate
630 2265 731 2335 Calcis,
742 2266 825 2335 fusci,
836 2265 942 2334 laeves,

201 2359 374 2436 fragilesque
386 2369 462 2428 sunt,
476 2368 563 2436 atque
576 2378 643 2417 cum
655 2360 774 2417 muteris
792 2357 941 2435 glutinosa

202 2453 368 2529 conjuncti;
388 2472 405 2510 e
418 2452 581 2528 Phosphute
600 2453 765 2528 Magnesiae
778 2460 808 2508 et
820 2452 942 2508 Ammo·

202 2547 276 2622 nipe,
289 2545 356 2614 albi,
370 2545 520 2622 perlucidi,
534 2554 620 2622 atque
632 2546 662 2604 iu
676 2546 796 2603 lamellis
808 2544 941 2621 dispositi

201 2648 279 2709 sunt,
299 2638 444 2696 interdum
456 2637 677 2715 cum'crystnllis
689 2630 730 2695 ex‘
741 2637 899 2715 superficie
911 2657 940 2694 e-

127 2773 128 2778 η
202 2731 395 2800 nascentibus,
413 2751 526 2812 semper
539 2751 607 2792 cum
618 2731 681 2792 aliis
700 2741 731 2790 et
742 2731 861 2792 mauris
874 2730 939 2808 glu-

95 2887 97 2891 ,
203 2822 292 2883 ῑίυοεὸ
306 2823 540 2904 conjunctisunt
