2000 3450
170 252 224 306 102
392 260 431 305 os
445 251 672 306 nrsrrnarrous.
689 298 690 302 ,

166 388 324 456 elevantur,
343 406 368 445 a·
377 383 515 445 vertebris
531 387 608 445 dorsi
619 385 733 462 longius
745 391 905 456 amovetur,

167 484 257 557 eoque
270 499 372 539 cavum
384 480 508 539 thoracis
519 479 643 557 amplius
651 478 789 537 redditur.
818 479 904 537 Prae⁴

166 588 252 644 terea,
266 585 379 653 septum
389 584 582 632 transversum
591 573 652 630 sive
661 573 843 652 diaphragma
852 573 904 630 de-

166 666 753 727 orshmtrshituretmaximdadthoracem
763 667 904 744 amplian-

166 762 237 821 dum
250 763 368 821 confert.
412 773 413 776 ’
778 755 782 762 “

205 855 241 920 Q.
261 856 343 928 Quae
355 854 392 912 de
403 854 511 913 fabrica
523 854 747 932 diaphragmatis
759 855 853 913 dicis?

203 950 242 1007 ll.
261 948 458 1026 Diophragma
475 949 579 1006 naturh
595 948 798 1018 musculosum,
819 948 906 1025 cujus

163 1044 252 1103 librae
261 1042 298 1099 ad
308 1042 465 1110 tendinem,
475 1042 556 1118 quasi
566 1051 706 1109 centrum,
718 1051 904 1109 concurrunt,

164 1158 182 1195 a
204 1136 370 1213 cartilagine
391 1135 550 1203 ensiformi,
576 1144 662 1211 atque
687 1133 904 1211 cartilaginibus

79 1243 84 1248 “
164 1232 361 1309 septimarum,
380 1228 557 1307 aliarumque
569 1228 736 1301 inferiorum
749 1236 903 1294 costarum,

164 1326 289 1402 origines
297 1325 386 1391 ducit,
394 1321 774 1400 etapraecordiisabdomen
782 1321 904 1378 diducit.

169 1447 171 1452 ⁴
203 1419 237 1485 Q.
252 1417 406 1489 Quomodo
417 1416 605 1493 diaphragma
617 1414 767 1474 cavitatm
779 1415 905 1473 thoracis
935 1449 940 1456 ·

163 1511 278 1583 minuit,
291 1515 338 1572 vel
347 1514 487 1592 ampliat?

170 1630 173 1634 ’
201 1610 239 1667 R.
254 1608 451 1686 Diaphragr'na
458 1608 603 1667 thoracem
611 1626 719 1678 versus,
729 1608 800 1666 dum
809 1608 904 1665 relax-

162 1711 236 1773 etur,
250 1703 322 1761 adeo
334 1722 494 1763 convexum
512 1711 564 1773 est,
584 1713 621 1763 ut.
634 1710 725 1762 costas
738 1700 774 1761 ad
788 1711 904 1780 quartas
974 1765 978 1770 ,

163 1817 255 1875 usque
267 1806 348 1874 parte
360 1800 412 1856 suh
430 1798 525 1856 media
543 1797 686 1868 ascendat,
706 1806 745 1867 et,
764 1797 905 1854 musculis

163 1891 240 1949 inter
251 1902 342 1950 costas
355 1893 456 1950 eodem
468 1901 598 1971 tempore
609 1891 743 1961 remissis,
756 1891 905 1949 thoracem

163 1985 247 2042 valde
259 1984 378 2067 minuat.
417 1986 521 2044 Fibrae
537 1996 636 2046 autem
650 1985 828 2043 musculosae
841 1985 905 2042 dia-

162 2078 349 2155 phragmatis,
363 2078 429 2138 crim
442 2098 513 2148 sese,
526 2079 643 2138 stimulo
652 2079 777 2149 admoto,
790 2089 905 2138 contra-

163 2171 243 2240 hant,
256 2180 388 2231 centrum
401 2173 465 2250 ejus
475 2173 513 2231 ad
526 2174 644 2251 planum
654 2172 786 2231 deorsdm
795 2173 904 2241 ferunt,

162 2275 250 2341 atque
262 2266 387 2343 spatium
405 2267 528 2326 thoracis
546 2267 669 2325 maxime
687 2271 803 2343 augent.
843 2268 908 2325 ΑΕΓ

163 2360 303 2437 gravitate
316 2363 367 2418 suh
379 2381 431 2437 per
443 2361 596 2429 trocheum,
611 2360 684 2419 nihil
693 2360 858 2428 obsistente,
872 2361 906 2417 in

163 2454 315 2532 pulmones
327 2455 460 2513 facillime
471 2455 539 2513 ruit.

204 2549 239 2615 Q.
261 2550 367 2608 Nonne
385 2559 453 2608 sunt
471 2549 520 2608 alii
539 2549 673 2620 musculi,
693 2548 745 2626 qui
757 2547 907 2606 interdum

161 2642 404 2704 auxiliumdent?
491 2716 494 2721 Δ
626 2720 630 2725 ¹

202 2737 241 2793 R.
260 2739 343 2795 Certe
356 2736 422 2796 curn
435 2737 552 2815 spiritus
565 2739 661 2815 gravis
674 2757 708 2796 ac
717 2735 842 2795 difficilis
851 2743 907 2804 est,

163 2827 212 2885 alii
225 2832 356 2901 musculi,
370 2841 403 2891 ut
415 2834 518 2891 serrati
524 2833 625 2912 postici
633 2833 796 2912 arpennes,
804 2836 905 2887 'etser-

165 2923 222 2984 roti
234 2926 352 3001 majores
368 2935 398 2984 et
414 2928 532 2988 minores
551 2928 646 2999 antici,
666 2924 799 2988 nonnihil
817 2922 906 2983 etiam
