2000 3450
306 229 518 276 osnrurmus,
746 207 781 261 81

101 365 129 432 d
146 361 224 444 Quid
245 358 354 419 radices
378 355 537 434 primorum
558 346 699 415 dentium,
725 361 784 422 quo

72 465 277 534 eorrumpantur,
289 451 382 511 feeit}
635 453 638 458 ’
767 493 770 500 .

102 551 131 609 rt
148 552 256 609 Dentes
269 543 387 606 secundi
405 538 514 601 ordinis
532 538 703 602 increscunt,
722 547 784 590 rur·

72 653 137 717 gunt,
151 644 260 702 radio‘es
278 639 409 700 dentium
421 633 507 712 primi
519 629 629 690 ordinis
641 634 785 704 premunt,

72 734 171 807 irritant,
184 748 213 795 et
224 737 267 795 ita
278 732 435 799 stimulant,
454 735 489 786 ut
501 726 605 784 humor
614 719 786 787 effundatur,

73 828 111 903 qni
120 830 221 891 radioes
238 830 370 889 dentium
389 824 495 885 sensim
512 820 595 899 quasi
615 817 708 886 solvit,
729 833 788 891 quo

73 921 130 980 rna
143 923 325 1002 lympbntieis
336 920 541 980 absorbeantur
557 922 645 991 atque
657 909 787 969 auferan-

73 1020 115 1072 tur·
467 1023 469 1026 ,
557 1017 561 1022 .

102 1108 132 1173 d
149 1110 195 1170 Ex
207 1111 315 1188 quibus
327 1106 457 1186 partibus
469 1103 541 1161 dens
553 1102 687 1158 constat?

103 1202 222 1265 tneo
229 1202 505 1284 eorpusetradicem
511 1194 718 1269 habetesupra
726 1191 790 1268 gin·

77 1293 153 1369 dvm
162 1319 263 1379 eorpus
271 1323 282 1371 ;
295 1299 346 1357 ubi
355 1295 473 1375 gingiva
486 1293 603 1351 dentem
615 1285 716 1363 cingit,
730 1302 791 1342 cer-1

78 1387 132 1461 '5¹3
148 1411 208 1469 pm
219 1393 353 1452 maxillae
365 1390 526 1457 inhaerens,
549 1377 640 1451 radix,
661 1378 792 1438 nomina·

81 1487 124 1540 mr,
781 1486 790 1498 0.

110 1576 139 1642 Q.
156 1582 233 1654 Quae
245 1581 355 1641 fabrioa
366 1577 461 1637 dentis
473 1574 538 1632 est?
568 1581 570 1586 “

108 1671 139 1733 ll
154 1677 316 1738 Substantia
331 1675 396 1735 alba
408 1668 569 1735 durissima,
589 1669 685 1722 conten
698 1660 795 1719 striata

81 1763 202 1829 interdum
213 1773 303 1840 diota,
316 1768 411 1828 dentis
424 1760 593 1823 exteriorem
605 1764 716 1834 partem
728 1768 797 1810 om·

83 1857 156 1920 stituit
162 1886 172 1934 3
193 1865 269 1924 intra
282 1882 369 1940 quam
382 1867 425 1919 est
437 1864 517 1916 osred
528 1849 647 1910 materia
656 1848 690 1906 in
702 1843 796 1905 stratis
845 1862 862 1907 ¹,

83 1948 203 2028 disposita,
217 1976 343 2037 quorum
355 1953 443 2013 alium
457 1947 545 2015 aliurn
558 1940 714 2003 circundat

112 2045 142 2110 d.
158 2049 310 2127 Quomodo
322 2049 394 2107 dena
406 2042 616 2103 nutrimentum
628 2034 752 2113 recipit?
821 2044 823 2049 '

112 2138 142 2199 R.
158 2144 233 2204 Vasa
244 2142 401 2220 sanguinea
412 2136 522 2196 radiees
538 2132 748 2210 ingrediuntur,
768 2135 799 2183 et

84 2228 184 2310 inpane
196 2239 292 2298 medid
301 2235 397 2296 dentis
406 2231 542 2298 existunt,
554 2223 798 2285 undenutrimen-

84 2331 134 2384 tem
142 2331 218 2393 denti
232 2331 440 2412 suppeditetur.

114 2421 143 2486 Q
161 2430 240 2504 Quot
250 2426 359 2486 radioes
371 2422 462 2480 habet
473 2418 567 2477 dens?

117 2516 145 2575 R
163 2521 302 2581 incisores
327 2526 356 2574 et
381 2510 523 2591 cuspidati
545 2505 670 2564 radicem
692 2508 801 2566 un‘arn3

86 2610 184 2673 mdetes
200 2613 362 2679 anteriores,
382 2608 462 2674 duas,
482 2603 552 2660 bino
568 2591 739 2677 biouspidati
758 2591 802 2647 in-

85 2704 181 2765 terdum
190 2716 344 2774 vocantur;
364 2700 484 2761 molares
497 2680 677 2772 posteriores,
690 2697 747 2746 tres
756 2684 803 2743 vel

86 2808 191 2867 quatuor
202 2801 310 2860 radioes
322 2798 437 2854 habent.
523 2826 525 2832 ·
659 2796 662 2801 '

117 2889 147 2955 Q·
165 2893 241 2965 Quid
253 2893 290 2951 de
302 2888 437 2950 dentibus
450 2877 605 2958 sapientiae
621 2875 714 2934 dicis?
