2000 3450
201 287 255 341 150
380 300 420 340 na
433 297 581 341 cracurru
597 295 759 338 sandonus

162 476 166 484 ,
199 434 310 501 portam
320 426 423 502 jecoris
436 443 529 500 usque
541 423 678 492 aseendit,
692 422 762 480 etin
771 439 851 479 ramo
860 421 941 478 sinis-

199 529 245 574 tro
257 538 347 576 venae
360 529 459 596 portae
471 518 619 594 hepaticae
630 516 772 573 terminat.

192 678 195 684 ,
238 611 272 679 Q.
295 613 402 670 Nonne
418 631 485 669 vasa
497 610 653 688 sanguinea
671 609 763 667 foetus
781 628 848 666 cum
865 610 939 666 'vasis

196 706 296 763 matris
309 705 543 764 communicant?

234 800 272 857 R.
293 798 416 876 Sanguis
430 797 522 855 foetere
534 816 594 854 non
608 797 747 875 sanguine
760 796 858 853 matris
870 796 939 855 mis-

196 881 295 962 cetur;
323 891 518 948 extremitates
545 900 642 949 autem
663 890 831 948 arteriarum
853 908 940 947 vena-

194 1003 318 1062 rumque
331 983 423 1042 foetes
436 985 553 1042 cellulas
565 985 723 1062 placentae,
737 984 767 1041 in
781 984 885 1061 quibus
895 995 940 1041 est

194 1080 311 1155 sanguis
324 1073 433 1145 matris,
448 1079 627 1148 circundant,
642 1079 729 1156 atque
746 1098 782 1135 ex
799 1078 937 1153 sanguine

194 1181 324 1230 materno
336 1171 549 1229 nutrimentum
558 1173 659 1242 foetes,
669 1191 729 1229 non
742 1172 809 1228 vere
823 1173 937 1249 sangui·

193 1249 261 1324 nem
276 1267 406 1335 rubrum,
421 1275 454 1322 ut
466 1276 601 1341 putatum
610 1275 663 1334 est,
677 1265 822 1324 hauriunt.

237 1360 272 1425 Q.
292 1361 352 1419 Ubi
365 1370 409 1418 est
421 1360 518 1418 ductus
531 1360 591 1417 sive
605 1360 709 1418 canalis
721 1360 862 1419 venosus?

188 1523 192 1528 .
221 1453 272 1524 R.
292 1453 383 1530 Apud
405 1465 519 1529 portam
540 1453 651 1530 hepatis
672 1474 746 1511 vena
768 1456 938 1516 umbiliealis

188 1548 316 1628 >ductum¹
329 1566 468 1604 venosum
482 1547 598 1618 emittit,
612 1549 662 1625 qui
672 1548 787 1626 oblique
800 1552 938 1621 ascendit,

188 1653 281 1721 atque
294 1643 325 1700 in
343 1663 448 1701 venam
467 1662 566 1703 cavam
585 1645 787 1704 ascendentem
809 1646 938 1704 infundit

194 1758 281 1796 auum
294 1741 474 1817 sanguinem.
653 1774 656 1780 =
840 1740 843 1745 ’

233 1833 269 1897 Q.
290 1835 353 1894 Ubi
366 1845 410 1892 est
411 1836 546 1912 foramen
559 1836 637 1894 ovele
649 1837 763 1896 cordis?
784 1854 788 1867 ‘
816 1823 819 1829 ’
850 1826 854 1833 ’

230 1927 269 1986 R.
291 1929 328 1984 ln
348 1939 430 2005 septo
443 1929 519 1986 inter
532 1931 673 1988 auriculas
693 1931 786 1988 cordis
807 1932 946 1991 foramen*

134 2054 137 2059 ,
193 2021 275 2076 ovale
293 2030 357 2088 est„
368 2022 445 2098 quod
460 2023 630 2100 sanguinem
651 2024 739 2083 fluere
752 2025 882 2107 eqdextre
905 2028 937 2084 in

190 2113 347 2189 auriculam
360 2115 504 2172 sinistram
516 2118 633 2192 patitur.

230 2207 265 2271 Q.
287 2208 349 2267 Ubi
362 2210 469 2266 curulis
482 2212 633 2277 arteriosus
645 2200 836 2289 positus'est?

228 2300 266 2360 R.
287 2301 334 2359 Ex
347 2303 429 2360 initio
442 2304 564 2361 arteriae
570 2290 742 2382 pulmonalis
752 2307 844 2382 oritur
852 2327 939 2367 cana-

183 2397 390 2472 ‚lisarteriosus
403 2397 519 2474 oblique
533 2390 727 2457 sinistrorsum
740 2389 880 2472 aseendit,
892 2416 939 2460 at-

58 2476 62 2483 ’
135 2540 154 2565 Ι,
184 2513 248 2568 ¹que
258 2492 289 2549 in
302 2494 380 2549 aortb
393 2491 586 2550 descendente
601 2513 692 2570 prope
704 2495 846 2573 originem
860 2507 939 2555 arte-

189 2588 249 2644 riae
262 2586 424 2647 subclaviae
437 2586 569 2643 sinistrae
582 2588 725 2645 terminat.

229 2680 263 2745 Q.
285 2681 368 2751 Quae
380 2680 453 2736 ratio
467 2689 519 2750 est,
539 2698 592 2736 cur
603 2681 733 2739 foramen
746 2684 828 2741 ovale
841 2685 940 2743 cordis

188 2781 218 2828 et
231 2773 336 2831 canalis
349 2772 501 2831 arteriosus
514 2774 545 2830 in
557 2775 639 2832 foetu
652 2776 797 2835 existant?

227 2867 263 2922 R.
285 2866 321 2922 In
334 2867 413 2924 foetu
426 2878 493 2925 ante
505 2877 620 2944 parturn
629 2870 782 2946 pulmones
791 2874 865 2948 pene
875 2874 941 2931 col-

184 2959 256 3036 lapsi
269 2959 370 3037 parion
389 2962 538 3039 sanguinis
558 2963 711 3025 admittere
730 2965 844 3036 valent3
866 2986 942 3044 pars
