<?xml version="1.0" encoding="UTF-8"?>
<!DOCTYPE html PUBLIC "-//W3C//DTD XHTML 1.0 Transitional//EN"
    "http://www.w3.org/TR/xhtml1/DTD/xhtml1-transitional.dtd">
<html xmlns="http://www.w3.org/1999/xhtml" xml:lang="en" lang="en">
 <head>
  <title>
</title>
<meta http-equiv="Content-Type" content="text/html;charset=utf-8" />
  <meta name='ocr-system' content='tesseract 3.04.00' />
  <meta name='ocr-capabilities' content='ocr_page ocr_carea ocr_par ocr_line ocrx_word'/>
</head>
<body>
  <div class='ocr_page' id='page_1' title='image "./colloquiaanatom01robegoog_0171.png"; bbox 0 0 2000 3450; ppageno 0'>
   <div class='ocr_carea' id='block_1_1' title="bbox 298 206 804 259">
    <p class='ocr_par' dir='ltr' id='par_1_1' title="bbox 298 206 804 259">
     <span class='ocr_line' id='line_1_1' title="bbox 298 206 804 259; baseline 0.014 -7"><span class='ocrx_word' id='word_1_1' title='bbox 298 213 337 254; x_wconf 82' lang='lat' dir='ltr'>os</span> <span class='ocrx_word' id='word_1_2' title='bbox 350 213 434 255; x_wconf 79' lang='lat' dir='ltr'>vana</span> <span class='ocrx_word' id='word_1_3' title='bbox 448 215 571 256; x_wconf 76' lang='lat' dir='ltr'>ronnas.</span> <span class='ocrx_word' id='word_1_4' title='bbox 751 206 804 259; x_wconf 73' lang='lat'>145</span> 
     </span>
    </p>
   </div>
   <div class='ocr_carea' id='block_1_2' title="bbox 62 336 806 982">
    <p class='ocr_par' dir='ltr' id='par_1_2' title="bbox 65 336 806 678">
     <span class='ocr_line' id='line_1_2' title="bbox 65 336 805 416; baseline 0.007 -21"><span class='ocrx_word' id='word_1_5' title='bbox 65 357 127 395; x_wconf 83' lang='lat' dir='ltr'>mos</span> <span class='ocrx_word' id='word_1_6' title='bbox 140 336 299 406; x_wconf 85' lang='lat' dir='ltr'>dividitur,-</span> <span class='ocrx_word' id='word_1_7' title='bbox 310 358 432 413; x_wconf 89' lang='lat' dir='ltr'>quorum</span> <span class='ocrx_word' id='word_1_8' title='bbox 451 358 527 397; x_wconf 90' lang='lat' dir='ltr'>unus</span> <span class='ocrx_word' id='word_1_9' title='bbox 546 359 597 416; x_wconf 84' lang='lat' dir='ltr'>per</span> <span class='ocrx_word' id='word_1_10' title='bbox 617 340 715 398; x_wconf 89' lang='lat' dir='ltr'>lobum</span> <span class='ocrx_word' id='word_1_11' title='bbox 735 342 805 400; x_wconf 82' lang='lat' dir='ltr'>dex·</span> 
     </span>
     <span class='ocr_line' id='line_1_3' title="bbox 65 431 805 509; baseline 0.008 -22"><span class='ocrx_word' id='word_1_12' title='bbox 65 442 153 500; x_wconf 84' lang='lat' dir='ltr'>trum,</span> <span class='ocrx_word' id='word_1_13' title='bbox 167 442 198 489; x_wconf 89' lang='lat' dir='ltr'>et</span> <span class='ocrx_word' id='word_1_14' title='bbox 209 431 280 488; x_wconf 88' lang='lat' dir='ltr'>alter</span> <span class='ocrx_word' id='word_1_15' title='bbox 292 450 345 509; x_wconf 85' lang='lat' dir='ltr'>per</span> <span class='ocrx_word' id='word_1_16' title='bbox 357 432 506 490; x_wconf 89' lang='lat' dir='ltr'>sinistrum</span> <span class='ocrx_word' id='word_1_17' title='bbox 515 432 643 509; x_wconf 83' lang='lat' dir='ltr'>hepatia</span> <span class='ocrx_word' id='word_1_18' title='bbox 635 444 739 492; x_wconf 79' lang='lat' dir='ltr'>lterum</span> <span class='ocrx_word' id='word_1_19' title='bbox 752 436 805 493; x_wconf 90' lang='lat' dir='ltr'>ite</span> 
     </span>
     <span class='ocr_line' id='line_1_4' title="bbox 65 527 806 603; baseline 0.011 -21"><span class='ocrx_word' id='word_1_20' title='bbox 65 544 189 603; x_wconf 89' lang='lat' dir='ltr'>rumque</span> <span class='ocrx_word' id='word_1_21' title='bbox 207 545 336 594; x_wconf 88' lang='lat' dir='ltr'>ramosus</span> <span class='ocrx_word' id='word_1_22' title='bbox 355 527 546 584; x_wconf 73' lang='lat' dir='ltr'>minutissime</span> <span class='ocrx_word' id='word_1_23' title='bbox 565 527 756 602; x_wconf 84' lang='lat' dir='ltr'>distribuitur,</span> <span class='ocrx_word' id='word_1_24' title='bbox 776 541 806 589; x_wconf 88' lang='lat' dir='ltr'>et</span> 
     </span>
     <span class='ocr_line' id='line_1_5' title="bbox 65 619 590 678; baseline 0.006 -3"><span class='ocrx_word' id='word_1_25' title='bbox 65 620 184 677; x_wconf 85' lang='lat' dir='ltr'>tandem</span> <span class='ocrx_word' id='word_1_26' title='bbox 196 620 302 676; x_wconf 89' lang='lat' dir='ltr'>ambo</span> <span class='ocrx_word' id='word_1_27' title='bbox 294 639 325 676; x_wconf 83' lang='lat' dir='ltr'>in</span> <span class='ocrx_word' id='word_1_28' title='bbox 337 619 433 677; x_wconf 82' lang='lat' dir='ltr'>acinos</span> <span class='ocrx_word' id='word_1_29' title='bbox 444 620 590 678; x_wconf 90' lang='lat' dir='ltr'>desinunt.</span> 
     </span>
    </p>

    <p class='ocr_par' dir='ltr' id='par_1_3' title="bbox 62 701 805 893">
     <span class='ocr_line' id='line_1_6' title="bbox 62 701 805 791; baseline 0.008 -22"><span class='ocrx_word' id='word_1_30' title='bbox 62 773 66 780; x_wconf 65' lang='grc'><em>,</em></span> <span class='ocrx_word' id='word_1_31' title='bbox 105 712 140 778; x_wconf 69' lang='lat' dir='ltr'>Q.</span> <span class='ocrx_word' id='word_1_32' title='bbox 162 714 268 770; x_wconf 86' lang='lat' dir='ltr'>Nonne</span> <span class='ocrx_word' id='word_1_33' title='bbox 281 714 386 770; x_wconf 79' lang='lat' dir='ltr'>arteria</span> <span class='ocrx_word' id='word_1_34' title='bbox 395 714 489 791; x_wconf 80' lang='lat' dir='ltr'>lepat</span> <span class='ocrx_word' id='word_1_35' title='bbox 478 735 523 772; x_wconf 74' lang='lat' dir='ltr'>ica</span> <span class='ocrx_word' id='word_1_36' title='bbox 535 715 567 772; x_wconf 94' lang='lat' dir='ltr'>in</span> <span class='ocrx_word' id='word_1_37' title='bbox 580 715 676 773; x_wconf 88' lang='lat' dir='ltr'>acinos</span> <span class='ocrx_word' id='word_1_38' title='bbox 690 701 805 776; x_wconf 82' lang='lat' dir='ltr'>eosdem</span> 
     </span>
     <span class='ocr_line' id='line_1_7' title="bbox 67 795 643 893; baseline 0.009 -30"><span class='ocrx_word' id='word_1_39' title='bbox 67 807 195 865; x_wconf 67' lang='lat' dir='ltr'>desinit?</span> <span class='ocrx_word' id='word_1_40' title='bbox 388 883 394 893; x_wconf 20' lang='grc' dir='ltr'><strong><em>ι</em></strong></span> <span class='ocrx_word' id='word_1_41' title='bbox 636 795 643 878; x_wconf 75' lang='grc' dir='ltr'>ἶ</span> 
     </span>
    </p>

    <p class='ocr_par' dir='ltr' id='par_1_4' title="bbox 63 901 806 982">
     <span class='ocr_line' id='line_1_8' title="bbox 63 901 806 982; baseline 0.007 -24"><span class='ocrx_word' id='word_1_42' title='bbox 63 957 67 982; x_wconf 40' lang='grc' dir='ltr'><em>ι</em></span> <span class='ocrx_word' id='word_1_43' title='bbox 105 902 143 959; x_wconf 73' lang='lat' dir='ltr'>B.</span> <span class='ocrx_word' id='word_1_44' title='bbox 158 901 274 959; x_wconf 88' lang='lat' dir='ltr'>Ramuli</span> <span class='ocrx_word' id='word_1_45' title='bbox 286 901 335 958; x_wconf 88' lang='lat' dir='ltr'>alii</span> <span class='ocrx_word' id='word_1_46' title='bbox 347 902 465 960; x_wconf 82' lang='lat' dir='ltr'>arteriae</span> <span class='ocrx_word' id='word_1_47' title='bbox 476 903 698 981; x_wconf 86' lang='lat' dir='ltr'>hepaticaecum</span> <span class='ocrx_word' id='word_1_48' title='bbox 713 914 806 964; x_wconf 84' lang='lat' dir='ltr'>extre·</span> 
     </span>
    </p>
   </div>
   <div class='ocr_carea' id='block_1_3' title="bbox 59 995 883 2743">
    <p class='ocr_par' dir='ltr' id='par_1_5' title="bbox 66 995 883 1250">
     <span class='ocr_line' id='line_1_9' title="bbox 66 995 806 1073; baseline 0.007 -20"><span class='ocrx_word' id='word_1_49' title='bbox 66 995 216 1053; x_wconf 88' lang='lat' dir='ltr'>mitatibus</span> <span class='ocrx_word' id='word_1_50' title='bbox 234 1013 325 1053; x_wconf 87' lang='lat' dir='ltr'>venae</span> <span class='ocrx_word' id='word_1_51' title='bbox 343 1005 441 1071; x_wconf 83' lang='lat' dir='ltr'>portae</span> <span class='ocrx_word' id='word_1_52' title='bbox 459 997 607 1073; x_wconf 84' lang='lat' dir='ltr'>hepaticae</span> <span class='ocrx_word' id='word_1_53' title='bbox 620 1000 806 1057; x_wconf 83' lang='lat' dir='ltr'>committun-</span> 
     </span>
     <span class='ocr_line' id='line_1_10' title="bbox 66 1088 883 1164; baseline 0.005 -19"><span class='ocrx_word' id='word_1_54' title='bbox 66 1098 125 1158; x_wconf 87' lang='lat' dir='ltr'>tur,</span> <span class='ocrx_word' id='word_1_55' title='bbox 138 1088 197 1157; x_wconf 87' lang='lat' dir='ltr'>alii,</span> <span class='ocrx_word' id='word_1_56' title='bbox 217 1089 267 1146; x_wconf 91' lang='lat' dir='ltr'>sed</span> <span class='ocrx_word' id='word_1_57' title='bbox 287 1088 371 1164; x_wconf 87' lang='lat' dir='ltr'>pauci</span> <span class='ocrx_word' id='word_1_58' title='bbox 389 1088 515 1164; x_wconf 88' lang='lat' dir='ltr'>quidem,</span> <span class='ocrx_word' id='word_1_59' title='bbox 536 1100 566 1146; x_wconf 88' lang='lat' dir='ltr'>et</span> <span class='ocrx_word' id='word_1_60' title='bbox 584 1090 730 1148; x_wconf 89' lang='lat' dir='ltr'>interdum</span> <span class='ocrx_word' id='word_1_61' title='bbox 742 1102 805 1149; x_wconf 87' lang='lat' dir='ltr'>tan-</span> <span class='ocrx_word' id='word_1_62' title='bbox 881 1102 883 1107; x_wconf 82' lang='grc'><em>“</em></span> 
     </span>
     <span class='ocr_line' id='line_1_11' title="bbox 66 1181 536 1250; baseline 0.002 -12"><span class='ocrx_word' id='word_1_63' title='bbox 66 1182 227 1250; x_wconf 89' lang='lat' dir='ltr'>tummodo,</span> <span class='ocrx_word' id='word_1_64' title='bbox 240 1182 272 1238; x_wconf 92' lang='lat' dir='ltr'>in</span> <span class='ocrx_word' id='word_1_65' title='bbox 284 1181 381 1240; x_wconf 81' lang='lat' dir='ltr'>acinos</span> <span class='ocrx_word' id='word_1_66' title='bbox 391 1181 536 1239; x_wconf 83' lang='lat' dir='ltr'>desinunt.</span> 
     </span>
    </p>

    <p class='ocr_par' dir='ltr' id='par_1_6' title="bbox 109 1275 691 1353">
     <span class='ocr_line' id='line_1_12' title="bbox 109 1275 691 1353; baseline 0.005 -20"><span class='ocrx_word' id='word_1_67' title='bbox 109 1279 143 1344; x_wconf 99' lang='lat' dir='ltr'>Q.</span> <span class='ocrx_word' id='word_1_68' title='bbox 165 1275 246 1348; x_wconf 86' lang='lat' dir='ltr'>Quid</span> <span class='ocrx_word' id='word_1_69' title='bbox 258 1294 348 1333; x_wconf 87' lang='lat' dir='ltr'>venae</span> <span class='ocrx_word' id='word_1_70' title='bbox 361 1284 460 1352; x_wconf 88' lang='lat' dir='ltr'>portae</span> <span class='ocrx_word' id='word_1_71' title='bbox 469 1275 614 1353; x_wconf 78' lang='lat' dir='ltr'>peculiare</span> <span class='ocrx_word' id='word_1_72' title='bbox 623 1281 691 1336; x_wconf 82' lang='lat' dir='ltr'>est?</span> 
     </span>
    </p>

    <p class='ocr_par' dir='ltr' id='par_1_7' title="bbox 67 1369 807 1730">
     <span class='ocr_line' id='line_1_13' title="bbox 106 1369 807 1456; baseline -0.003 -28"><span class='ocrx_word' id='word_1_73' title='bbox 106 1372 145 1428; x_wconf 87' lang='lat' dir='ltr'>R.</span> <span class='ocrx_word' id='word_1_74' title='bbox 166 1369 281 1427; x_wconf 85' lang='lat' dir='ltr'>Bamnli</span> <span class='ocrx_word' id='word_1_75' title='bbox 294 1389 384 1427; x_wconf 89' lang='lat' dir='ltr'>venae</span> <span class='ocrx_word' id='word_1_76' title='bbox 396 1379 495 1445; x_wconf 89' lang='lat' dir='ltr'>portae</span> <span class='ocrx_word' id='word_1_77' title='bbox 509 1371 540 1427; x_wconf 92' lang='lat' dir='ltr'>in</span> <span class='ocrx_word' id='word_1_78' title='bbox 549 1371 677 1448; x_wconf 84' lang='lat' dir='ltr'>jecinore</span> <span class='ocrx_word' id='word_1_79' title='bbox 689 1374 750 1432; x_wconf 84' lang='lat' dir='ltr'>sive</span> <span class='ocrx_word' id='word_1_80' title='bbox 758 1394 807 1456; x_wconf 67' lang='lat' dir='ltr'>va.</span> 
     </span>
     <span class='ocr_line' id='line_1_14' title="bbox 67 1462 807 1544; baseline 0.005 -21"><span class='ocrx_word' id='word_1_81' title='bbox 67 1484 123 1523; x_wconf 86' lang='lat' dir='ltr'>nae</span> <span class='ocrx_word' id='word_1_82' title='bbox 135 1474 234 1541; x_wconf 80' lang='lat' dir='ltr'>portae</span> <span class='ocrx_word' id='word_1_83' title='bbox 247 1462 393 1541; x_wconf 87' lang='lat' dir='ltr'>hepaticae</span> <span class='ocrx_word' id='word_1_84' title='bbox 406 1465 576 1542; x_wconf 83' lang='lat' dir='ltr'>sanguinem</span> <span class='ocrx_word' id='word_1_85' title='bbox 584 1468 725 1544; x_wconf 88' lang='lat' dir='ltr'>perjecur</span> <span class='ocrx_word' id='word_1_86' title='bbox 733 1478 807 1527; x_wconf 84' lang='lat' dir='ltr'>arte·</span> 
     </span>
     <span class='ocr_line' id='line_1_15' title="bbox 67 1557 805 1637; baseline 0.007 -22"><span class='ocrx_word' id='word_1_87' title='bbox 67 1559 118 1616; x_wconf 86' lang='lat' dir='ltr'>riis</span> <span class='ocrx_word' id='word_1_88' title='bbox 127 1557 288 1615; x_wconf 81' lang='lat' dir='ltr'>simillimae</span> <span class='ocrx_word' id='word_1_89' title='bbox 298 1557 328 1613; x_wconf 91' lang='lat' dir='ltr'>in</span> <span class='ocrx_word' id='word_1_90' title='bbox 336 1557 427 1615; x_wconf 91' lang='lat' dir='ltr'>officio</span> <span class='ocrx_word' id='word_1_91' title='bbox 436 1558 617 1637; x_wconf 87' lang='lat' dir='ltr'>dispergunt,</span> <span class='ocrx_word' id='word_1_92' title='bbox 628 1560 805 1620; x_wconf 85' lang='lat' dir='ltr'>etiamsinon</span> 
     </span>
     <span class='ocr_line' id='line_1_16' title="bbox 67 1651 691 1735; baseline 0.002 -24"><span class='ocrx_word' id='word_1_93' title='bbox 67 1652 184 1720; x_wconf 78' lang='lat' dir='ltr'>micent,</span> <span class='ocrx_word' id='word_1_94' title='bbox 197 1661 283 1730; x_wconf 85' lang='lat' dir='ltr'>atque</span> <span class='ocrx_word' id='word_1_95' title='bbox 295 1651 326 1709; x_wconf 91' lang='lat' dir='ltr'>in</span> <span class='ocrx_word' id='word_1_96' title='bbox 338 1651 428 1709; x_wconf 88' lang='lat' dir='ltr'>acinis</span> <span class='ocrx_word' id='word_1_97' title='bbox 440 1652 567 1730; x_wconf 88' lang='lat' dir='ltr'>denique</span> <span class='ocrx_word' id='word_1_98' title='bbox 578 1652 691 1735; x_wconf 80' lang='lat' dir='ltr'>finiunt.</span> 
     </span>
    </p>

    <p class='ocr_par' dir='ltr' id='par_1_8' title="bbox 59 1745 459 1825">
     <span class='ocr_line' id='line_1_17' title="bbox 59 1745 459 1825; baseline -0.005 -21"><span class='ocrx_word' id='word_1_99' title='bbox 59 1816 66 1825; x_wconf 17' lang='grc' dir='ltr'><strong><em>ὁ</em></strong></span> <span class='ocrx_word' id='word_1_100' title='bbox 109 1749 142 1816; x_wconf 89' lang='lat' dir='ltr'>Q.</span> <span class='ocrx_word' id='word_1_101' title='bbox 164 1746 265 1819; x_wconf 85' lang='lat' dir='ltr'>Quid</span> <span class='ocrx_word' id='word_1_102' title='bbox 256 1766 287 1804; x_wconf 92' lang='lat' dir='ltr'>1n</span> <span class='ocrx_word' id='word_1_103' title='bbox 299 1745 388 1804; x_wconf 84' lang='lat' dir='ltr'>acinis</span> <span class='ocrx_word' id='word_1_104' title='bbox 405 1746 459 1802; x_wconf 78' lang='lat' dir='ltr'>fit?</span> 
     </span>
    </p>

    <p class='ocr_par' dir='ltr' id='par_1_9' title="bbox 59 1839 809 2556">
     <span class='ocr_line' id='line_1_18' title="bbox 107 1839 807 1921; baseline 0.003 -22"><span class='ocrx_word' id='word_1_105' title='bbox 107 1843 144 1899; x_wconf 89' lang='lat' dir='ltr'>R.</span> <span class='ocrx_word' id='word_1_106' title='bbox 164 1842 199 1898; x_wconf 94' lang='lat' dir='ltr'>In</span> <span class='ocrx_word' id='word_1_107' title='bbox 212 1839 301 1898; x_wconf 84' lang='lat' dir='ltr'>acinis</span> <span class='ocrx_word' id='word_1_108' title='bbox 313 1860 396 1899; x_wconf 73' lang='lat' dir='ltr'>votae</span> <span class='ocrx_word' id='word_1_109' title='bbox 404 1840 506 1918; x_wconf 78' lang='lat' dir='ltr'>portae</span> <span class='ocrx_word' id='word_1_110' title='bbox 515 1840 655 1918; x_wconf 78' lang='lat' dir='ltr'>hepaticus</span> <span class='ocrx_word' id='word_1_111' title='bbox 663 1848 807 1921; x_wconf 72' lang='lat' dir='ltr'>extremae,</span> 
     </span>
     <span class='ocr_line' id='line_1_19' title="bbox 69 1934 808 2011; baseline 0.001 -17"><span class='ocrx_word' id='word_1_112' title='bbox 69 1947 98 1994; x_wconf 88' lang='lat' dir='ltr'>et</span> <span class='ocrx_word' id='word_1_113' title='bbox 110 1934 258 1993; x_wconf 86' lang='lat' dir='ltr'>interdum</span> <span class='ocrx_word' id='word_1_114' title='bbox 270 1953 386 2011; x_wconf 90' lang='lat' dir='ltr'>quoqne</span> <span class='ocrx_word' id='word_1_115' title='bbox 405 1952 490 2011; x_wconf 80' lang='lat' dir='ltr'>pauci</span> <span class='ocrx_word' id='word_1_116' title='bbox 480 1934 607 1993; x_wconf 87' lang='lat' dir='ltr'>ramuli</span> <span class='ocrx_word' id='word_1_117' title='bbox 624 1936 756 1995; x_wconf 76' lang='lat' dir='ltr'>extremi</span> <span class='ocrx_word' id='word_1_118' title='bbox 758 1957 808 1995; x_wconf 81' lang='lat' dir='ltr'>ar</span> 
     </span>
     <span class='ocr_line' id='line_1_20' title="bbox 69 2027 808 2107; baseline 0.005 -19"><span class='ocrx_word' id='word_1_119' title='bbox 69 2030 154 2088; x_wconf 82' lang='lat' dir='ltr'>terioe</span> <span class='ocrx_word' id='word_1_120' title='bbox 166 2028 315 2107; x_wconf 69' lang='lat' dir='ltr'>lupaticce,</span> <span class='ocrx_word' id='word_1_121' title='bbox 335 2027 424 2086; x_wconf 88' lang='lat' dir='ltr'>bilem</span> <span class='ocrx_word' id='word_1_122' title='bbox 442 2049 460 2086; x_wconf 85' lang='lat' dir='ltr'>a</span> <span class='ocrx_word' id='word_1_123' title='bbox 478 2029 620 2107; x_wconf 80' lang='lat' dir='ltr'>sanguine</span> <span class='ocrx_word' id='word_1_124' title='bbox 638 2032 808 2092; x_wconf 81' lang='lat' dir='ltr'>secernunt:</span> 
     </span>
     <span class='ocr_line' id='line_1_21' title="bbox 70 2112 809 2205; baseline -0.003 -24"><span class='ocrx_word' id='word_1_125' title='bbox 70 2122 184 2191; x_wconf 86' lang='lat' dir='ltr'>deinde,</span> <span class='ocrx_word' id='word_1_126' title='bbox 198 2121 256 2180; x_wconf 86' lang='lat' dir='ltr'>bile</span> <span class='ocrx_word' id='word_1_127' title='bbox 268 2125 386 2191; x_wconf 71' lang='lat' dir='ltr'>secreta,</span> <span class='ocrx_word' id='word_1_128' title='bbox 407 2123 578 2200; x_wconf 82' lang='lat' dir='ltr'>sanguinem</span> <span class='ocrx_word' id='word_1_129' title='bbox 595 2143 684 2183; x_wconf 86' lang='lat' dir='ltr'>venae</span> <span class='ocrx_word' id='word_1_130' title='bbox 696 2112 809 2205; x_wconf 76' lang='lat' dir='ltr'>hepati.</span> 
     </span>
     <span class='ocr_line' id='line_1_22' title="bbox 59 2216 808 2297; baseline 0.005 -23"><span class='ocrx_word' id='word_1_131' title='bbox 59 2236 119 2295; x_wconf 17' lang='lat' dir='ltr'>,cae</span> <span class='ocrx_word' id='word_1_132' title='bbox 129 2216 281 2294; x_wconf 88' lang='lat' dir='ltr'>recipiunt,</span> <span class='ocrx_word' id='word_1_133' title='bbox 295 2226 492 2292; x_wconf 84' lang='lat' dir='ltr'>quaetrunoos</span> <span class='ocrx_word' id='word_1_134' title='bbox 502 2218 623 2295; x_wconf 88' lang='lat' dir='ltr'>majores</span> <span class='ocrx_word' id='word_1_135' title='bbox 630 2220 808 2297; x_wconf 84' lang='lat' dir='ltr'>majoresque</span> 
     </span>
     <span class='ocr_line' id='line_1_23' title="bbox 69 2311 809 2387; baseline 0.005 -20"><span class='ocrx_word' id='word_1_136' title='bbox 69 2312 188 2381; x_wconf 77' lang='lat' dir='ltr'>iaciunt,</span> <span class='ocrx_word' id='word_1_137' title='bbox 208 2311 383 2387; x_wconf 86' lang='lat' dir='ltr'>tandemque</span> <span class='ocrx_word' id='word_1_138' title='bbox 396 2311 509 2371; x_wconf 87' lang='lat' dir='ltr'>duobus</span> <span class='ocrx_word' id='word_1_139' title='bbox 523 2313 569 2369; x_wconf 90' lang='lat' dir='ltr'>vel</span> <span class='ocrx_word' id='word_1_140' title='bbox 581 2313 673 2370; x_wconf 87' lang='lat' dir='ltr'>tribus</span> <span class='ocrx_word' id='word_1_141' title='bbox 691 2312 721 2368; x_wconf 91' lang='lat' dir='ltr'>in</span> <span class='ocrx_word' id='word_1_142' title='bbox 736 2331 809 2371; x_wconf 89' lang='lat' dir='ltr'>vena</span> 
     </span>
     <span class='ocr_line' id='line_1_24' title="bbox 70 2404 809 2482; baseline 0 -20"><span class='ocrx_word' id='word_1_143' title='bbox 70 2423 140 2463; x_wconf 86' lang='lat' dir='ltr'>cava</span> <span class='ocrx_word' id='word_1_144' title='bbox 151 2404 332 2473; x_wconf 86' lang='lat' dir='ltr'>ascendente,</span> <span class='ocrx_word' id='word_1_145' title='bbox 344 2404 394 2462; x_wconf 90' lang='lat' dir='ltr'>nbi</span> <span class='ocrx_word' id='word_1_146' title='bbox 404 2404 592 2482; x_wconf 84' lang='lat' dir='ltr'>diaphragma</span> <span class='ocrx_word' id='word_1_147' title='bbox 601 2413 740 2482; x_wconf 89' lang='lat' dir='ltr'>penetrat,</span> <span class='ocrx_word' id='word_1_148' title='bbox 751 2414 809 2462; x_wconf 86' lang='lat' dir='ltr'>ter·</span> 
     </span>
     <span class='ocr_line' id='line_1_25' title="bbox 70 2498 192 2557; baseline 0.009 -2"><span class='ocrx_word' id='word_1_149' title='bbox 70 2498 192 2557; x_wconf 85' lang='lat' dir='ltr'>minant.</span> 
     </span>
    </p>

    <p class='ocr_par' dir='ltr' id='par_1_10' title="bbox 70 2589 808 2742">
     <span class='ocr_line' id='line_1_26' title="bbox 109 2589 808 2697; baseline 0 -47"><span class='ocrx_word' id='word_1_150' title='bbox 109 2591 144 2656; x_wconf 74' lang='lat' dir='ltr'><strong><em>Q</em></strong></span> <span class='ocrx_word' id='word_1_151' title='bbox 159 2592 319 2650; x_wconf 87' lang='lat' dir='ltr'>Habentne</span> <span class='ocrx_word' id='word_1_152' title='bbox 331 2610 419 2650; x_wconf 85' lang='lat' dir='ltr'>venae</span> <span class='ocrx_word' id='word_1_153' title='bbox 428 2590 569 2649; x_wconf 83' lang='lat' dir='ltr'>viscerum</span> <span class='ocrx_word' id='word_1_154' title='bbox 578 2589 738 2697; x_wconf 88' lang='lat' dir='ltr'>abdominis</span> <span class='ocrx_word' id='word_1_155' title='bbox 748 2592 808 2650; x_wconf 91' lang='lat' dir='ltr'>val</span> 
     </span>
     <span class='ocr_line' id='line_1_27' title="bbox 70 2685 171 2743; baseline 0.01 -2"><span class='ocrx_word' id='word_1_156' title='bbox 70 2685 171 2743; x_wconf 83' lang='lat' dir='ltr'>volas?</span> 
     </span>
    </p>
   </div>
   <div class='ocr_carea' id='block_1_4' title="bbox 112 2772 809 2863">
    <p class='ocr_par' dir='ltr' id='par_1_11' title="bbox 112 2772 809 2863">
     <span class='ocr_line' id='line_1_28' title="bbox 112 2772 809 2863; baseline 0.01 -27"><span class='ocrx_word' id='word_1_157' title='bbox 112 2779 146 2840; x_wconf 80' lang='lat' dir='ltr'>n.</span> <span class='ocrx_word' id='word_1_158' title='bbox 161 2782 281 2853; x_wconf 89' lang='lat' dir='ltr'>Omnes,</span> <span class='ocrx_word' id='word_1_159' title='bbox 296 2780 616 2863; x_wconf 83' lang='lat' dir='ltr'>spermaticisexceptis‚</span> <span class='ocrx_word' id='word_1_160' title='bbox 631 2772 793 2842; x_wconf 79' lang='lat' dir='ltr'>valvulis</span> <span class='ocrx_word' id='word_1_161' title='bbox 762 2800 809 2842; x_wconf 65' lang='lat' dir='ltr'>ca«</span> 
     </span>
    </p>
   </div>
   <div class='ocr_carea' id='block_1_5' title="bbox 71 2885 426 3015">
    <p class='ocr_par' dir='ltr' id='par_1_12' title="bbox 71 2885 426 3015">
     <span class='ocr_line' id='line_1_29' title="bbox 71 2885 144 2935; baseline 0 -1"><span class='ocrx_word' id='word_1_162' title='bbox 71 2885 144 2935; x_wconf 91' lang='lat' dir='ltr'>rent.</span> 
     </span>
     <span class='ocr_line' id='line_1_30' title="bbox 405 2977 426 3015; baseline 0 0"><span class='ocrx_word' id='word_1_163' title='bbox 405 2977 426 3015; x_wconf 93' lang='lat' dir='ltr'>o</span> 
     </span>
    </p>
   </div>
   <div class='ocr_carea' id='block_1_6' title="bbox 0 0 1011 3450">
    <p class='ocr_par' dir='ltr' id='par_1_13' title="bbox 0 0 1011 3450">
     <span class='ocr_line' id='line_1_31' title="bbox 0 0 1011 3450; baseline 0 0"><span class='ocrx_word' id='word_1_164' title='bbox 0 0 1011 3450; x_wconf 95' lang='lat' dir='ltr'> </span> 
     </span>
    </p>
   </div>
  </div>
 </body>
</html>
