2000 3450
340 241 556 308 iuuouamcis.
727 310 731 313 ,
772 257 828 311 211
888 249 896 273 ²

124 387 162 450 R
183 388 830 471 Lymphaticaveniesimiliaarteriasprofun·

84 485 135 543 das
149 484 227 553 bina,
248 503 340 541 unum
353 485 460 543 scilicet
473 487 505 543 in
518 485 740 563 utroque'latere
753 488 829 545 sicu-

82 577 106 633 ti
118 576 265 645 satellites,
279 577 460 647 comitantur,
475 590 505 636 et
514 580 546 636 in
556 598 674 637 ascensu
684 598 736 656 per
744 578 828 655 glan-

82 669 165 727 dulae
173 669 331 746 poplitaeas
341 680 370 728 et
379 671 541 748 inguinalee
554 682 712 741 transeunt,
721 681 750 729 et
760 688 834 739 cum*

80 761 267 838 lymphaticis
281 765 335 821 sub
348 775 413 824 cute
426 768 630 825 commercium
648 765 828 824 liberrimum

78 854 245 1002 bugnano
257 942 408 994 transeunt
420 938 595 1015 lymphatica
608 949 673 1016 post
685 937 795 996 exitum
807 955 825 993 e

77 1026 227 1103 glandulis
240 1026 456 1105 inguinalibus?

119 1120 158 1177 R.
182 1118 256 1176 Vasa
276 1119 451 1198 lymphatica
473 1134 546 1193 tum,
569 1125 657 1200 vulgo
680 1107 824 1182 efferenda¹

77 1212 167 1282 dicta,
195 1212 225 1268 in
252 1213 393 1273 abdomen
418 1227 569 1276 transeunt
592 1219 646 1276 sub
668 1207 824 1294 ligamento

77 1307 229 1383 Poupartii
242 1308 329 1366 simul
342 1329 409 1368 cum
422 1311 524 1368 atterit
537 1312 628 1380 iliaci,
649 1311 723 1368 circa
736 1329 825 1386 quam

76 1400 234 1476 glandulae
247 1402 345 1460 iliacae
358 1404 428 1461 sitae
441 1414 519 1474 sunt,
532 1406 563 1461 in
574 1423 644 1482 quae
654 1403 825 1480 ingrediun.

76 1505 135 1551 tur.
177 1494 250 1553 lude
263 1497 294 1552 iu
306 1498 458 1574 glandulas
470 1498 621 1573 lumbaresy
634 1515 721 1574 super
735 1496 824 1572 junc-

76 1587 187 1645 tionem
201 1588 346 1646 iliacarum
362 1591 559 1648 communium
577 1591 745 1648 interiorum
764 1591 823 1647 una

75 1699 143 1739 cum
155 1682 221 1742 aliis
241 1680 424 1759 lymphaticis
437 1703 453 1741 e
466 1684 551 1761 pelve
571 1682 701 1751 veniunt,
722 1682 823 1759 ibique

75 1775 164 1834 etiam
178 1777 354 1852 lymphatica
367 1777 495 1853 partium
508 1775 677 1833 inferiorum
690 1783 720 1831 et
732 1776 822 1833 lactea

75 1869 151 1926 inter
165 1889 196 1926 se
211 1870 436 1946 conjunguntur,
450 1869 624 1944 initiumque
637 1867 739 1926 ductus
757 1865 823 1923 tho·

74 1962 171 2031 racici,
192 1962 280 2040 vulgo
301 1962 512 2041 receptaculum
535 1960 613 2039 chyli
634 1960 820 2038 appellatum,
874 1985 876 1989 ’

74 2056 266 2128 constituunt.

118 2146 152 2214 Q.
173 2149 241 2219 Quo
253 2152 379 2209 tendunt
391 2149 568 2226 lymphatica
579 2147 748 2227 genitalium
761 2149 821 2208 foe«

75 2240 247 2302 minarum?
295 2230 298 2236 Δ

115 2334 154 2392 R.
168 2336 325 2415 Praecipue
336 2338 367 2395 in
377 2337 528 2414 glandulas
537 2336 707 2422 inguinales,
715 2335 821 2412 partim

74 2426 163 2485 simul
176 2446 243 2489 cum
257 2430 413 2508 ligamento
429 2429 554 2488 rotundo
572 2429 646 2487 uteri
658 2447 710 2504 per
729 2446 821 2484 aunu-

73 2518 138 2576 lum
152 2523 263 2580 externi
277 2517 387 2601 obliqui
404 2522 528 2581 musculi
546 2522 579 2596 in
597 2521 739 2578 abdomen
759 2520 838 2576 ine·-

75 2620 139 2680 unt,
161 2624 192 2672 et
204 2616 252 2673 vel
264 2616 296 2673 in
308 2615 454 2693 glandulis
468 2614 558 2673 iliacis
577 2614 624 2672 vel
642 2611 820 2674 lumbaribus

73 2706 241 2772 terminant.
580 2775 583 2780 7
604 2705 624 2786 ¹,

115 2795 150 2861 Q·
172 2801 240 2872 Quo
253 2812 375 2863 currunt
386 2803 563 2881 lymphatica
576 2802 670 2861 uteri?
736 2800 744 2868 ’,

115 2892 152 2951 R.
174 2894 303 2956 Plurima
317 2915 416 2968 eorum
425 2916 491 2957 vase
502 2885 657 2976 sanguinei
666 2896 821 2976 Hypo‘gas·
