2000 3450
357 205 593 306 sorrnronorr„
678 201 681 207 Ι
771 236 826 292 133

125 377 166 436 R.
193 377 283 434 Venae
295 375 480 435 interconoler
492 377 565 435 duae
578 377 625 434 vel
636 383 694 435 tree
705 376 827 457 reperio·

89 488 133 527 rer
145 469 264 544 dertrae
276 477 411 527 truncum
423 469 557 537 formant,
578 469 627 547 qui
640 487 726 527 venae
738 469 825 528 bron-

88 565 205 633 ohialee,
231 572 261 621 et
285 560 476 642 oeeophegees
489 565 602 642 accipit,
625 565 704 622 etin
723 581 826 624 venam

88 655 275 726 eubelavhm,
295 656 341 713 vel
354 675 484 733 erygon3
505 668 627 735 quatuor
640 657 686 715 vel
699 657 827 734 quinque

89 748 221 807 rinianae
232 758 368 809 nuneum
386 749 504 820 faciunt,
527 750 577 828 qui
596 751 628 808 in
642 750 826 822 subclaviam,

88 842 204 900 desinit

128 935 166 1000 Q„
186 933 246 993 Ubi
258 935 412 995 terminant
429 953 520 997 venre
538 938 721 997 nummariae
739 937 827 996 inter·

89 1034 167 1088 nae?

127 1123 168 1181 R.
187 1122 376 1184 Mommorine
400 1127 524 1184 internae
549 1132 709 1202 sequuntur
733 1139 833 1184 mmor,
901 1110 903 1116 '

89 1215 267 1284 arteriarum,
279 1225 310 1273 et
320 1216 438 1275 tandem
451 1216 482 1274 in
495 1234 582 1275 venae
601 1214 758 1275 nubelariae
776 1215 827 1273 de·

89 1310 197 1367 einunt
237 1309 440 1388 Extremitates
461 1320 558 1369 tamen
578 1328 645 1368 eum
664 1308 744 1367 venia
765 1307 827 1365 die·
897 1385 900 1392 γ

89 1405 302 1482 phragmatieis,
316 1405 503 1478 lumbaribne,
517 1414 547 1465 et
558 1405 737 1485 epigestrieie
750 1422 827 1463 oom-

87 1498 246 1558 munierat.

129 1589 166 1655 Q
186 1591 269 1663 Quee
281 1609 368 1651 venae
380 1592 488 1652 brachii
501 1593 670 1670 praecipuae
682 1594 771 1651 eunt?

127 1684 167 1745 R.
186 1684 286 1744 Venae
298 1685 406 1744 brachii
418 1686 465 1745 vel
477 1703 606 1743 summae
615 1684 661 1743 vel
669 1682 829 1762 profundae

91 1787 175 1848 runt3
189 1796 317 1835 summae
329 1777 461 1855 plurimis
468 1777 627 1834 minoribus
635 1776 771 1833 formatae
779 1792 828 1832 ve-

91 1891 157 1930 nam
176 1870 351 1948 oephuicam
371 1888 469 1929 versus
488 1869 611 1938 redium,
633 1877 663 1925 et
684 1867 829 1925 basilicam

92 1984 190 2023 versus
203 1965 301 2024 ulnam
314 1966 500 2024 constituunt
541 1948 703 2022 Profundae
712 1962 828 2020 arteriae

92 2059 273 2128 comitantur,
296 2078 452 2136 earumque
469 2057 586 2117 nomina
603 2059 828 2138 plerumquear·

92 2161 236 2228 ceperunt

132 2245 166 2311 Q.
186 2236 267 2316 Quid
280 2244 417 2323 intelligis
429 2245 466 2305 de
478 2245 552 2305 vend
564 2245 713 2314 humerali,
737 2254 767 2304 et
779 2264 828 2303 ax·

130 2432 169 2490 R.
192 2432 268 2491 Vena
280 2432 393 2492 basilico
406 2451 493 2511 supra
511 2434 641 2492 cubitum
659 2429 829 2509 profundior

94 2526 192 2596 currit,
215 2537 302 2605 atque
327 2527 369 2585 ibi
391 2527 548 2597 domoalis,
571 2535 600 2585 et
626 2533 778 2602 postquam
798 2524 829 2581 in

94 2617 208 2677 uillam
219 2619 359 2689 aseendit,
372 2620 497 2679 exilioris
510 2619 657 2678 nominata
669 2625 721 2676 eet.

135 2711 168 2779 Q.
189 2712 270 2784 Quid
282 2714 453 2791 generaliter
465 2713 503 2771 de
515 2712 572 2770 illie
585 2709 666 2769 venis
678 2710 829 2770 observas?
863 2734 867 2739 “

132 2803 169 2862 R.
194 2802 269 2865 Vena
281 2806 429 2865 humentis
441 2823 529 2863 venas
542 2805 609 2862 alias
623 2803 787 2882 profundae,
800 2812 830 2861 et

94 2898 217 2959 exiliatis
229 2919 332 2960 venam
344 2898 528 2979 eephdioem,
542 2917 615 2979 quae
627 2897 695 2959 eliae
706 2898 830 2958 minore·
948 2978 953 2984 .

447 3001 465 3041 N
