2000 3450
176 311 233 365 234
254 324 292 363 na
308 322 492 365 assuerum
509 323 595 364 naurs
610 323 648 361 ur
664 318 858 375 uriacuise..

218 449 252 513 Q.
271 450 354 519 Quae
367 456 504 506 structura
516 459 560 504 est
572 449 695 524 corporis
706 443 872 525 spongiosi?

218 545 254 600 R.
274 540 384 618 Corpus
398 542 581 617 spongiosum
598 541 730 598 uretlarae
750 539 825 595 iniri
836 536 913 592 inter

177 636 236 693 duo
249 616 367 712 corpora
379 654 530 693 cavernosa
543 635 626 710 penis
645 633 732 691 situm
745 642 798 701 est,
820 630 914 704 iisque

178 728 356 798 annectitur;
380 729 409 784 iu
431 737 511 804 parte
531 726 686 802 posteriore
707 726 829 782 bulbum
847 740 917 778 ure·

178 822 268 890 thrae,
282 822 420 878 anteriore
439 819 575 897 glandem
595 820 676 897 penis
695 818 774 886 facit,
797 815 916 875 cellulas

178 914 263 971 etiarn
277 915 353 972 intus
365 914 459 971 habet.

219 1007 254 1071 Q.
274 1008 331 1064 Dic
343 1007 413 1064 mihi
428 1007 514 1064 situm
529 1017 756 1082 structuramque
765 1004 902 1082 glandis?

218 1099 255 1156 ll.
276 1099 366 1158 Glcns
383 1101 464 1176 penis
483 1101 564 1175 apud·
581 1100 666 1155 finem
680 1099 801 1155 aliorum
814 1116 914 1172 corpo-

178 1210 246 1253 rum
259 1193 313 1251 sita
325 1204 377 1261 est,
391 1192 465 1249 vasis
478 1193 651 1269 sanguineis,
665 1191 836 1269 pupillisque
846 1209 919 1247 ner-

180 1304 282 1345 vorum
295 1286 454 1344 innumeris
473 1285 619 1354 instructa,
643 1286 722 1343 unde
743 1304 828 1342 sensu
848 1302 919 1341 acri·

181 1378 289 1439 tissimo
302 1380 429 1456 praedita
442 1380 487 1437 sit.
527 1380 632 1456 Margo
644 1380 671 1455 ej
676 1398 708 1436 us
721 1377 859 1456 posterior
871 1396 918 1434 co·

179 1495 250 1531 rona
260 1474 376 1552 glandis
387 1473 559 1541 nominatur,
573 1491 648 1547 poue
660 1492 748 1549 quem
758 1471 852 1530 cervix
860 1481 917 1527 est.

181 1566 272 1623 Glans
285 1566 343 1623 feri
359 1565 510 1642 praeputio
523 1564 613 1623 solute
625 1566 740 1642 tegitur.

221 1660 256 1727 Q.
273 1659 353 1730 Quid
367 1659 404 1716 de
417 1658 534 1715 urethria
546 1661 696 1718 observas?

221 1756 258 1813 R.
283 1755 403 1812 Uretlsro
416 1774 434 1810 a
452 1753 545 1811 vesicis
568 1755 682 1813 initium
701 1755 788 1831 capit,
807 1774 920 1833 perque

182 1868 285 1925 corpus
295 1847 478 1925 spongiosum
486 1848 921 1925 percurritnuncpleniornunc

183 1942 378 2019 compressior,
392 1952 478 2018 atque
491 1942 521 1997 in
536 1938 617 2018 apice
628 1943 710 2018 penis
722 1942 842 2018 patescit
849 1965 859 2011 3
873 1943 922 1998 in-

84 2097 88 2109 ¹
182 2035 229 2091 tias
242 2035 406 2091 membran&
418 2033 617 2091 delicatissimi
629 2035 782 2110 obtegitur,
796 2037 851 2093 sub
858 2040 922 2112 quia

182 2126 302 2183 folliculi
315 2127 424 2184 mucosi
437 2136 467 2184 et
479 2127 599 2186 lacunae
611 2128 665 2184 sita
677 2139 753 2197 sunt,
768 2147 841 2204 quae
852 2144 922 2185 mu.

183 2238 250 2275 cum
263 2219 425 2288 effundunt,
446 2221 497 2297 qui
511 2221 689 2297 superficiem
700 2221 762 2299 ejus
776 2223 922 2281 internam

184 2332 201 2369 a
214 2312 329 2369 stimulo
342 2313 441 2369 urinae
454 2312 593 2371 defendit.

223 2407 259 2472 Q.
273 2407 327 2464 Cui
337 2406 402 2464 usui
413 2406 531 2464 cellulae
541 2426 691 2484 corporum
701 2425 920 2467 cavernosorum

184 2511 215 2559 et
227 2500 352 2579 corporis
365 2501 511 2577 spongiosi
524 2502 706 2560 inserviunt?

224 2595 261 2653 R.
282 2595 417 2652 Asteriae
430 2594 513 2671 penis
525 2594 601 2651 inter
613 2595 729 2653 cellulas
748 2590 923 2672 dispergun-

185 2697 243 2756 tur,
256 2688 386 2756 libidine,
406 2687 453 2745 vel
466 2688 583 2762 semine,
606 2687 650 2745 vel
670 2689 827 2747 irritatione
847 2693 922 2749 vesi-

187 2796 245 2847 cae,
259 2780 305 2837 vel
318 2781 447 2840 intestini
459 2781 539 2851 recti,
560 2782 720 2841 stimulatae
732 2783 844 2859 copiam
857 2802 921 2841 san-

187 2871 284 2947 guinis
302 2864 395 2933 multo
413 2876 551 2951 majorem
570 2876 723 2953 accipiunt,
747 2896 871 2953 eumque
889 2878 919 2934 iu
