2000 3450
165 208 222 266 alr
274 226 314 269 nu
327 220 496 264 mannuus
510 222 803 265 sarna-nensnnns.

165 551 448 633 COLLOQUIUM
469 552 666 612 DECIMUM
681 554 906 632 QUARTUM,

206 738 210 745 ⁴
271 760 311 801 nr
325 740 494 803 urrunnun
507 759 797 802 auena-naumann

204 930 239 995 Q.
259 930 348 1002 Quen
359 929 511 1006 praecipue
521 928 557 986 de
566 928 711 1006 glandulis
721 940 905 1008 supra-rena-

162 1022 237 1080 libus
251 1022 428 1081 observanda
440 1025 528 1079 sunt?
554 1074 558 1079 ,

202 1117 239 1174 R.
260 1112 391 1193 Utraque
403 1114 478 1193 parti
497 1114 574 1171 renis
594 1115 733 1192 superiori
751 1113 905 1181 incumbit,

162 1209 258 1268 colore
270 1206 399 1266 subflavo
412 1217 464 1276 est,
478 1206 572 1284 ligurii
590 1206 772 1284 inaequabili,
792 1206 905 1282 saepius

161 1302 304 1379 liquorem
315 1302 428 1359 fuscum
437 1299 489 1357 bili
499 1298 622 1358 similem
633 1300 770 1370 continet,
780 1299 905 1377 glandu-

161 1388 204 1451 las
213 1392 309 1462 refert,
318 1393 443 1461 renibus,
455 1391 616 1469 vicinisque
624 1392 754 1470 partibus
761 1392 904 1452 adhaeret.

202 1487 237 1552 Q.
257 1486 312 1542 Cui
325 1484 392 1541 usui
404 1480 558 1561 glandulae
570 1485 636 1543 illue
649 1486 829 1546 inserviunt?

201 1580 239 1637 R.
260 1576 366 1636 Nullus
379 1596 415 1636 ex
428 1574 463 1635 iis
473 1576 624 1655 egrediens
634 1578 739 1639 ductus
749 1580 843 1639 adhue
852 1576 905 1639 de·

162 1683 256 1736 tectus
269 1683 321 1748 eat,
334 1690 404 1734 usus
416 1690 515 1731 earum
527 1673 617 1752 igitur
630 1674 661 1732 in
673 1674 788 1736 occulto
799 1676 878 1737 latet.

436 1980 476 2020 llll
496 1980 634 2022 RENIBUS·

411 2045 428 2072 ο

204 2170 238 2236 Ο,
258 2170 340 2242 Quae
352 2169 460 2227 de'situ
473 2180 504 2229 et
515 2172 609 2229 colore
620 2188 723 2231 renum
736 2171 892 2232 observas?

202 2267 241 2324 R.
261 2265 297 2322 ln
309 2257 424 2339 regione
437 2265 559 2340 utrique
578 2263 703 2322 lumbari
710 2263 906 2340 juxtaverte·

101 2351 104 2366 ¹
163 2361 229 2420 bras
239 2356 315 2417 dorsi
324 2374 406 2415 renes
414 2354 472 2423 duo
480 2354 607 2415 insident
616 2380 626 2428 ;
637 2357 730 2415 colore
738 2359 905 2418 rubicundo

162 2461 231 2511 suut
249 2453 337 2529 juxta
361 2450 506 2512 vertebras
530 2450 680 2525 paululum
702 2452 831 2522 concavi,
855 2453 905 2511 cui
967 2499 969 2510 ,

123 2573 126 2579 ’
161 2547 237 2624 parti
251 2564 317 2603 vasa
329 2561 429 2601 eorum
441 2543 598 2621 sanguinea
610 2544 769 2614 inhaerent,
782 2547 905 2606 caeteris

160 2636 193 2694 in
206 2638 336 2715 partibus
350 2635 478 2694 convexi.

200 2730 238 2794 Q.
259 2731 373 2803 Quibus
385 2731 471 2788 rebus
482 2737 694 2790 annectuntur?

199 2820 238 2879 R.
268 2823 331 2884 Ren
357 2823 459 2885 dexter
480 2842 548 2884 cum
569 2826 634 2888 lobo
653 2826 765 2904 hepatis
787 2827 902 2899 dextro,
