2000 3450
282 231 631 289 srurunrrcrscrrrrrs.
765 218 823 278 217

126 362 162 426 Q.
182 358 236 417 An
249 357 342 414 omnis
351 356 474 434 lympha
487 364 516 413 et
529 355 632 431 chylus
654 355 685 412 in
705 373 827 413 massam
868 414 871 419 ,

22 450 23 475 ³
86 452 233 530 sanguinis
246 450 361 511 tandem
376 450 543 508 vehuntur?

99 596 104 604 .
125 548 164 604 R.
184 546 247 612 lta3
270 553 347 601 totus
370 543 481 619 chylus,
503 552 532 600 et
552 542 688 619 pleraque
708 541 828 619 lympha

86 639 119 697 in
143 657 231 696 venas
251 637 410 695 subclavias
437 636 655 707 infunduntur3
685 656 828 714 perpauca

86 732 265 809 lymphatica
275 732 361 789 etiam
374 732 405 789 iu
417 751 491 789 vena
504 750 573 788 cava
586 731 749 789 terminant

126 826 161 892 Q.
181 814 296 897 Quibus
310 824 418 881 viribus
428 842 494 881 vasa
504 824 592 882 lactea
602 824 721 901 chylum
731 825 828 883 absor·

84 920 164 988 bent,
178 918 454 996 transmittuntque?

124 1013 164 1070 R.
183 1012 367 1097 Attractione
380 1011 517 1087 capillati,
537 1022 571 1070 ut
589 1013 678 1090 vulgo
697 1019 827 1090 putatur,

85 1104 136 1163 aed
149 1106 245 1182 potius
257 1105 425 1163 attractione
445 1105 608 1163 viventibus
620 1105 758 1181 peculiari
776 1108 826 1163 ab·

85 1188 217 1257 sorbetur
236 1197 347 1274 chylus,
371 1196 475 1255 deiude
495 1198 526 1255 vi
548 1199 579 1255 in
598 1199 672 1255 vasis
691 1199 778 1256 insita
796 1218 827 1255 se

83 1291 234 1369 paululirm
258 1289 445 1349 contrahendi
470 1291 546 1347 intra
572 1289 699 1348 valvulas
724 1290 826 1359 fertur,

85 1395 149 1443 tum
161 1385 288 1442 motibus
301 1384 442 1441 viscerum
456 1383 594 1461 ipsorum,
606 1384 738 1460 pulsibus
750 1398 826 1442 arte-

83 1478 192 1536 riarum
208 1477 375 1547 vicinarum,
395 1486 481 1554 atque
494 1477 554 1535 vio
565 1486 656 1556 tergo,
680 1497 733 1554 per
745 1477 826 1555 glan-

84 1566 166 1629 dulas
179 1570 378 1629 mesentericas
390 1570 561 1647 propellitur
570 1571 601 1628 in
613 1571 826 1653 receptaculum

85 1663 172 1740 chyli.
817 1718 819 1722 Α

123 1758 158 1825 Q„
180 1760 260 1817 Num
273 1760 376 1820 iisdem
389 1760 498 1818 viribus
511 1761 631 1838 lympha
644 1760 776 1818 sorbetur
795 1768 824 1817 et

81 1854 286 1913 transmittitur
298 1855 329 1912 in
342 1854 459 1914 caeteris
470 1856 619 1931 partibus?

122 1950 160 2007 R.
180 1948 316 2024 Lympha
337 1949 369 2006 in
394 1948 528 2007 omnibus
549 1949 668 2007 metaris
693 1950 823 2026 partibus

83 2041 210 2119 corporis
222 2037 450 2100 extremitatibus
462 2060 595 2100 vasorum
607 2042 823 2102 absorbentium

80 2134 188 2214 patulis
216 2128 402 2211 capillaribus‘
429 2121 596 2195 attractione
628 2136 823 2196 animantibus

81 2226 221 2306 peculiari
240 2228 389 2305 agentium
412 2230 552 2299 sorbetur,
574 2236 661 2307 atque
683 2231 713 2287 vi
735 2231 823 2287 insita
906 2264 909 2270 ·

80 2340 224 2389 vasomm,
244 2330 326 2379 motu
338 2331 368 2380 et
380 2339 481 2398 pressu
493 2324 699 2391 musculorum,
714 2322 822 2379 anxilio

80 2414 261 2473 valvulamm
281 2414 313 2472 in
326 2414 445 2475 ductum
457 2416 634 2475 thoracieum
653 2414 822 2473 transmitti·
881 2409 883 2413 ’

81 2516 141 2577 tur,
164 2506 215 2583 qui
227 2525 291 2566 eam
303 2506 404 2566 iisdem
427 2508 537 2567 viribus
549 2507 581 2565 in
593 2507 763 2585 sanguinem
774 2506 820 2563 in·

80 2599 171 2658 vehit.
