2000 3450
180 220 235 290 ts„
365 237 404 302 na
418 236 571 279 rncrsrora
585 235 725 278 crnrsnn

180 363 228 422 alii
240 363 402 439 imputare;
415 363 566 443 perperim
579 371 685 432 autem,
699 362 766 439 quia
778 380 849 421 usus
857 365 918 422 sin.

179 454 312 535 gularum
326 456 450 533 partium
462 456 557 515 adhuc
567 456 597 513 in
607 456 719 515 occulto
731 458 830 516 latent
862 459 919 517 Pa-

181 562 223 611 tet
232 570 300 609 vero
313 550 515 627 experimentis
526 550 675 608 cerebrum
695 560 726 609 et
742 552 919 610 cerebellum

181 665 248 706 cum
262 645 387 703 medullri
400 644 512 722 spinuli,
532 665 606 722 quae
624 645 773 703 amborum
792 646 920 722 produc·

181 742 223 799 tio
241 740 373 801 habenda
391 749 443 809 est,
468 739 580 797 fontem
601 738 729 817 primum
747 748 835 816 atque
855 738 921 797 uni-

182 854 250 894 cum
272 853 341 903 esse,
366 833 442 892 unde
464 818 546 889 nervi
571 832 708 902 oriantur,
727 832 922 909 omnibusque

183 926 308 1004 corporis
321 926 449 1003 partibas
462 925 586 983 ramulos
598 925 723 995 mittant,
743 926 849 1003 quibus
867 925 927 982 im-

183 1021 342 1099 pressiones
361 1039 457 1078 rerum
478 1034 660 1078 externarum
680 1019 872 1096 accipiuntur,
883 1029 926 1093 ,et

184 1134 283 1177 sensus
296 1124 382 1195 atque
395 1124 489 1172 motus
502 1113 661 1172 excitantur
673 1113 705 1174 in
717 1131 845 1191 corpore.

224 1210 260 1276 Q.
280 1212 329 1267 An
343 1208 501 1268 substantia
512 1208 621 1270 cerebri
633 1224 719 1273 sensu
737 1218 822 1271 acuto
840 1227 932 1287 prae·v

185 1305 246 1364 dita
258 1305 320 1365 est?

190 1466 193 1473 ¹
229 1398 262 1457 R.
284 1397 450 1457 Substantia
462 1398 571 1457 cerebri
589 1399 702 1481 cinerea
721 1397 931 1475 experimentis

186 1490 411 1550 anatomicorum
424 1510 510 1549 sensu
522 1493 596 1569 pene
608 1493 745 1551 destituta
757 1510 818 1554 esse
827 1510 933 1568 reper-

188 1594 217 1644 ta
236 1595 288 1654 est,
308 1584 376 1662 quia
389 1604 465 1667 'cum
488 1586 597 1649 irritata
619 1597 702 1657 esset,
725 1585 831 1643 animal
852 1586 934 1646 nibil

187 1679 292 1740 sentire
305 1679 465 1762 videbatur,
480 1698 547 1743 cum
569 1693 665 1742 autem
686 1679 845 1740 substantia
865 1700 932 1739 me-

188 1773 306 1859 alullaris
319 1773 427 1832 irritata
439 1785 522 1846 esset,
535 1776 642 1834 animal
655 1777 749 1834 statim
762 1775 794 1832 in
806 1777 933 1835 convul-

189 1869 282 1928 siones
295 1867 508 1946 conjiciebatur,
530 1869 609 1946 quod
624 1871 727 1948 probet
747 1869 823 1934 hanc
841 1889 933 1933 sensu

176 1961 355 2024 ¹acutissimo
367 1980 429 2019 esse
441 1963 608 2037 praeditam.
649 1947 654 1956 ⁶
840 1949 842 1954 ⁸

169 2099 183 2110 ,
230 2054 265 2120 Q.
285 2057 365 2139 Quas
387 2054 506 2133 injurias
532 2059 681 2118 cerebrum
707 2060 828 2139 impune
853 2060 935 2127 ferre

189 2160 285 2230 potest
295 2153 316 2208 ἰ

229 2228 266 2286 R.
288 2225 370 2286 Nihil
383 2235 492 2285 certum
506 2228 543 2286 de
555 2229 667 2308 injuriis
681 2233 789 2290 cerebri
802 2233 862 2290 dici
882 2254 935 2311 po·

188 2316 265 2391 'test;
284 2339 350 2398 pars
363 2320 441 2377 enim
454 2323 572 2392 cerebri,
594 2323 672 2381 haud
692 2345 782 2403 parva
801 2327 937 2403 quidem,

189 2415 310 2474 'vulnere
322 2415 454 2472 submota
466 2425 518 2486 est,
526 2413 561 2474 'et
574 2426 670 2476 tamen
680 2438 774 2496 neque
784 2439 871 2490 mors,
883 2441 937 2479 ne-

188 2508 249 2590 que
261 2507 390 2566 defectus
404 2510 567 2580 memoriae,
582 2512 628 2571 vel
641 2513 813 2584 intellectis,
830 2534 937 2593 seque·

188 2604 284 2661 batur.
311 2602 446 2661 Pressura
456 2606 708 2665 auteminterdum
716 2608 795 2666 haud
803 2609 846 2667 ita
855 2631 938 2688 mag-

189 2707 231 2756 na
243 2695 370 2754 dolorem
381 2697 493 2782 'capitis
518 2700 565 2758 vel
587 2702 787 2764 convulsiones
806 2705 938 2782 partium

193 2790 383 2872 quarundam,
402 2804 453 2856 aut
466 2794 554 2858 totius
567 2797 705 2877 corporis,
726 2797 773 2860 vel
791 2818 938 2880 soporem,

193 2889 305 2948 movet:
735 2901 736 2906 ’
