2000 3450
270 277 310 318 nr
325 277 520 329 romualt!
532 280 651 327 etatum
772 273 818 341 Ι139

168 637 477 717 COLLOQUIUM
495 641 727 710 TERTIUM.

131 853 169 893 nr
182 855 377 901 roaunrrour
392 857 431 907 aa
447 841 629 903 sanucrura
642 861 758 905 ossmu.

120 1024 152 1090 Q.
173 1026 260 1085 Unde
273 1046 352 1085 osaea
364 1027 482 1087 materia
494 1028 640 1090 derivatur
652 1032 663 1092 i

121 1119 155 1177 lt.
174 1121 219 1178 Ex
232 1120 382 1205 sanguine.

111 1212 155 1278 ·Q.
173 1214 286 1293 Quibus
305 1214 380 1272 vasis
393 1213 569 1292 deponitur?

121 1305 156 1363 R
173 1307 300 1368 Arteriis
313 1307 456 1367 extremis.

122 1400 154 1469 Q.
175 1401 329 1489 Quomodo
341 1401 373 1462 in
385 1402 466 1460 foetu
485 1401 514 1459 id
529 1401 584 1461 fit?
657 1412 660 1418 '

120 1493 154 1554 R.
174 1496 210 1553 ln
223 1496 302 1554 foetu
314 1495 407 1577 primo
419 1496 561 1576 gelatinae
580 1496 739 1557 subsimilia
752 1519 818 1559 vasa

84 1587 138 1646 rive
155 1590 284 1660 arteriae,
306 1609 412 1668 paucos
432 1599 498 1669 post
520 1591 736 1671 conceptionem
756 1594 816 1653 dieo

83 1684 246 1743 conformari
261 1684 405 1755 videntur,
426 1703 499 1763 quae
519 1685 688 1768 sauguinem
702 1687 734 1745 in
753 1709 815 1748 om.

84 1796 128 1836 nee
137 1779 199 1857 ejus
212 1788 307 1858 partes
319 1779 464 1855 digerunt,
478 1787 565 1854 atque
578 1779 686 1837 inlocis
694 1782 817 1864 propriia

83 1874 223 1932 materiam
240 1873 372 1932 idoneam
391 1880 486 1949 partes
507 1870 653 1929 solidiores
673 1883 702 1930 et
724 1893 817 1933 osseae

82 1965 226 2027 lonnaudo
239 1968 399 2046 deponunt.

104 2062 150 2144 =Q.
171 2063 240 2136 Qua
251 2062 361 2120 ratione
379 2061 499 2123 arteriae
512 2069 655 2124 extremae
667 2064 816 2125 materiam

82 2152 155 2214 illam
170 2158 201 2214 in
215 2156 388 2234 quibusdam
400 2165 514 2213 tantum
527 2155 597 2214 locis
610 2157 782 2236 deponunt?

117 2251 153 2309 R.
173 2250 211 2338 ld
223 2250 255 2307 fit
269 2250 392 2330 quadam
405 2249 530 2307 mirabili
549 2260 578 2307 et
590 2254 665 2310 certe
678 2254 815 2336 peculiari

82 2344 187 2403 actione
209 2344 424 2404 extremitatum
446 2343 623 2413 arteriarum,
644 2366 718 2425 quae
736 2366 815 2409 nunc

82 2456 173 2510 unam,
193 2457 271 2500 nunc
290 2437 407 2514 alteram
429 2457 490 2495 rem
513 2438 685 2508 demittant;
713 2449 816 2523 natura⁵

82 2545 172 2592 autem
185 2533 262 2591 illius
274 2532 393 2591 actionis
405 2531 500 2589 adhuc
513 2532 543 2588 in
556 2531 669 2590 occulto
680 2532 759 2591 latet.

117 2629 151 2700 Q.
172 2626 327 2706 Quomodo
338 2645 401 2685 ossa
411 2626 590 2688 formantur?

116 2724 153 2783 R.
174 2724 249 2784 Ossa
260 2722 356 2781 omnia
368 2720 459 2780 foetis
477 2723 572 2800 primo
593 2720 742 2798 gelatinae,
764 2725 815 2791 do.

82 2814 143 2874 inde
157 2816 316 2895 cartilagini
328 2816 494 2884 subsimilia,
508 2815 582 2873 vasis
589 2814 700 2894 exiguis
707 2818 815 2897 repleta

83 2921 153 2970 aunt.
182 2911 311 2971 Arteriae
324 2910 443 2989 exiguae
456 2909 485 2968 in
500 2907 549 2984 illa
562 2910 718 2970 substantia
731 2913 815 2974 cani·
