2000 3450
170 276 208 330 88
371 284 497 327 nrvocr
511 282 704 332 antoanam.

147 489 151 496 .
168 410 309 470 trahimus
321 416 351 467 et
363 410 539 481 emittimus3
559 425 659 467 vocem
672 424 787 484 quoque
798 406 909 464 format

65 557 67 560 .
168 515 254 581 atque
276 502 439 562 modulatur
450 527 460 577 ς
483 502 616 561 nonnihil
628 503 713 561 etiam
732 500 851 578 adjuvat
872 500 908 557 in

167 598 247 657 cibos
259 596 431 658 devorando.

365 885 405 927 DE
418 883 496 927 VOCB
510 882 551 925 ΕΤ
565 879 707 931 erQllELA·

209 1055 244 1120 Q·
265 1056 331 1128 Qua
339 1056 449 1114 ratione
461 1072 519 1112 vox
531 1061 562 1111 et
572 1052 687 1130 loquela
699 1051 792 1110 fiunt?

113 1135 116 1140 ¹
207 1152 245 1209 R.
266 1149 453 1228 cartilagines
466 1150 553 1228 supnl
565 1154 737 1214 memoratae
751 1144 906 1224 glottidem

168 1244 240 1301 adeo
259 1243 447 1311 constituunt,
467 1250 501 1299 ut
520 1259 567 1298 eus
589 1239 711 1298 musculi
727 1239 772 1298 sui
792 1249 907 1308 contra·

167 1336 249 1405 hant,
274 1335 461 1412 glottidisque
486 1341 649 1409 aperturam
670 1331 824 1404 minuant;
850 1351 906 1411 per

166 1448 255 1505 quam
264 1431 316 1487 u‘e‘r
329 1448 345 1485 e
359 1426 544 1505 pulmonibus
556 1428 636 1483 tanti
648 1424 677 1481 vi
690 1426 850 1504 expellitur,
869 1435 905 1484 ut

167 1521 358 1598 cartilaginea,
380 1530 410 1577 et
432 1538 507 1596 quae
525 1518 561 1575 iis
572 1537 694 1588 annexa,
716 1528 746 1578 et
764 1522 812 1579 a'e'r
830 1519 904 1595 ipse,

166 1622 299 1683 tremant,
323 1633 381 1691 quo
393 1612 508 1671 trachea
526 1612 612 1670 etiam
631 1620 691 1670 tota
712 1612 744 1670 in
766 1621 905 1684 tremores

166 1708 346 1786 conjiciatur,
360 1707 483 1786 ideoque
495 1725 583 1766 annus
596 1705 707 1776 edatur,
731 1707 782 1784 qui
790 1719 846 1784 'per
857 1727 904 1779 os,

167 1811 197 1861 et
208 1820 301 1873 nares,
313 1801 487 1879 sinuumque
500 1798 784 1870 auxiliovicinorum,
794 1810 906 1865 trmae·

166 1894 256 1964 undo,
278 1913 460 1972 repercussus
482 1892 638 1975 plurimum
660 1902 792 1972 augetur,
813 1901 904 1973 atque

166 1987 276 2057 clarior,
286 1987 499 2064 jucundiorque
516 1988 557 2044 fit.

206 2080 242 2145 Q.
262 2079 376 2150 Quibus
387 2081 475 2137 rebus
484 2079 546 2137 toni
559 2078 637 2138 vocis
644 2085 810 2140 mutantur?

168 2228 171 2233 .
203 2170 243 2230 R.
262 2171 361 2229 Motus
373 2171 475 2249 capitia
493 2171 628 2242 anterius,
647 2184 745 2232 mento
756 2173 902 2250 depresso,

165 2265 257 2325 multo
269 2264 415 2336 laxiorem,
424 2265 567 2344 posterius
580 2267 657 2336 vero,
668 2276 766 2326 mento
779 2267 902 2338 elevato,

163 2358 307 2419 tracheam
320 2360 413 2419 multo
425 2359 579 2431 tenuiorem
592 2359 689 2418 reddit
696 2382 706 2430 3
729 2360 791 2419 toni
809 2361 901 2437 igitur

162 2452 242 2511 vocis
267 2451 317 2510 illo
338 2453 493 2530 puriores,
519 2452 574 2511 hoc
599 2452 738 2512 acutiores
763 2453 898 2513 eduntur.

163 2544 290 2622 Ideoque
303 2563 359 2604 vox
372 2545 499 2604 humana
511 2544 661 2604 varietates
680 2564 779 2604 omnes
791 2547 901 2603 instru-

79 2648 85 2662 ·
161 2639 253 2697 menti
266 2638 368 2697 musici
380 2637 494 2697 chordis
514 2638 655 2709 instructi,
669 2647 699 2697 et
710 2658 766 2716 ope
777 2637 902 2716 epiglot-
975 2665 978 2669 ·

162 2727 241 2798 tidie,
254 2750 328 2807 quae
340 2730 427 2790 modo
436 2731 502 2808 plus
514 2730 601 2788 modo
609 2732 705 2790 minus
718 2730 835 2808 spiritirs
846 2731 901 2788 ad.

162 2821 262 2891 mittit,
276 2825 464 2903 proprietates
477 2843 593 2903 quoque
605 2824 798 2895 instrumenti,
819 2823 899 2901 quod

162 2924 250 2974 vento
264 2927 354 2988 sonat,
368 2913 517 2995 possidet'
