2000 3450
169 281 301 327 museum
316 268 515 322 crueuroruu
530 282 701 325 rumerrna.
746 266 801 328 177

62 410 122 466 aum
137 408 325 484 in‘liquorem
338 382 499 466 subflavum
512 417 621 477 mutat;
641 409 672 466 in
685 409 801 487 quo'pi-
887 486 891 499 .

62 502 170 560 eromel
182 521 242 560 non
255 502 401 566 detectum
414 513 465 571 est,
486 503 537 559 sed
550 504 655 560 Aeetas
668 503 760 561 Sodae
772 513 803 560 et

60 596 143 671 signa
156 596 296 653 Materiae
308 597 450 653 Animalia
469 617 500 654 se
520 596 683 654 ostendunt.
723 598 803 654 Hine

59 682 121 746 hilis'
143 686 266 747 humana
286 690 449 766 pieromelle
472 701 558 759 caret,
585 690 667 767 cujus
688 690 718 746 in
741 690 803 748 loco

59 781 215 841 Materiam
242 783 360 841 Flavum
382 785 564 843 insolubilem
588 784 685 852 habet,
711 784 803 842 mtho

58 875 123 951 plus
135 877 316 946 Albuminis,
335 879 402 955 plus
415 899 530 956 quoque
543 879 674 947 Resinae,
697 888 727 935 et
739 876 804 934 sali-

58 986 173 1040 norum,
188 972 276 1047 quam
289 972 354 1031 bilia
367 973 485 1042 bubula,
499 973 638 1031 eontinet.

97 1064 133 1129 Q.
155 1064 304 1124 Enumera
315 1066 387 1124 mihi
399 1066 540 1142 principia
548 1067 637 1124 bilem
646 1067 802 1125 humanam

59 1159 285 1217 mnatituentia?
382 1157 402 1190 '¹
660 1205 662 1209 ,

94 1240 133 1309 R.
155 1252 183 1310 E
196 1252 327 1328 partibus
348 1253 428 1310 mille
440 1262 471 1309 et
489 1261 605 1310 eentum
626 1253 754 1310 eontinet
773 1273 806 1311 aa

58 1362 130 1420 quae
680 1351 804 1404 romu

94 1438 238 1515 Materiae
251 1437 341 1496 flavae
353 1438 516 1498 insolubilis
632 1444 652 1498 2
664 1440 701 1498 ad
717 1448 762 1499 10.
784 1449 804 1498 0

97 1531 290 1591 Albuminis,
344 1575 351 1587 .
431 1574 438 1588 .
518 1577 523 1590 .
596 1579 610 1592 ,.
716 1542 806 1595 mo.

96 1625 222 1687 Resinae
300 1670 308 1684 .
386 1670 393 1683 .
469 1639 482 1687 ⁴.
571 1675 578 1688 .
717 1639 805 1688 41.0.

96 1719 253 1780 Sodae.
332 1764 339 1779 .
421 1766 428 1780 .
738 1730 804 1782 5.6

96 1815 687 1897 PhosphatisSodae,eaCalcis‚Sulphatis
717 1871 719 1878 Α

59 1914 87 1963 et
102 1908 239 1967 Muriatis
252 1909 354 1980 Sodae,
376 1918 405 1968 et
418 1909 509 1969 Oxidi
522 1912 613 1982 Ferri,
628 1914 686 1972 sin·
736 1920 764 1971 4.
785 1920 808 1970 5x

59 2000 204 2074 gadorum
311 2044 320 2060 .

79 2294 119 2336 Da
134 2297 279 2338 crimme
299 2299 503 2339 CALCULORUM
518 2302 595 2341 mus
609 2303 783 2352 ememus·

99 2482 136 2545 Q.
157 2482 240 2552 Quae
252 2481 473 2540 fundamentum
492 2483 668 2543 calculorum
681 2487 747 2546 bilia
756 2485 800 2564 ja'.

58 2594 126 2632 cere
139 2574 293 2632 videntur?

101 2668 138 2726 R.
158 2665 229 2723 Bilis
240 2667 359 2744 spissata
367 2669 586 2747 inadipoceram
598 2677 801 2753 conversaple.

59 2779 184 2840 rumque
197 2760 331 2819 omnibus
344 2760 459 2818 calculis
478 2764 614 2823 nucleum
634 2767 702 2826 dare
721 2772 801 2830 vide·

60 2865 118 2927 tur,
138 2855 214 2913 circa
236 2874 322 2931 quem
345 2854 411 2930 plue
433 2858 569 2915 materiae
587 2863 723 2938 paulatim
743 2867 801 2926 col.

61 2948 170 3026 ligitur.
670 2945 678 2958 ⁸
