2000 3450
199 252 254 316 190
467 269 507 309 ne
522 270 671 311 noonrno.

370 574 411 614 nr
432 573 595 615 rnrasrruo
613 552 766 615 noonrrro.

236 750 274 815 Q.
294 748 374 820 Quid
387 748 423 804 de
436 747 492 804 situ
503 747 629 805 duodeni
642 746 734 804 notari
745 747 851 807 debet?

237 844 275 901 Il.
295 842 469 898 Duodenunr
488 861 505 898 a
524 843 628 918 pyloro
645 840 763 898 initium
783 844 871 919 capit,
893 863 940 902 ar.

195 954 322 1011 cumque
335 954 425 1012 prope
437 935 578 993 cervicem
591 934 732 993 vesiculae
743 936 819 993 fellis
831 948 862 994 et
873 949 940 996 ante

196 1047 265 1085 vasa
277 1046 381 1104 magna
394 1027 508 1104 hepatis
516 1040 602 1106 utque
613 1028 689 1086 renia
698 1029 792 1085 dextri
802 1030 878 1099 facit,
889 1032 941 1088 de·

197 1121 268 1178 inda
279 1121 415 1178 adversae
432 1133 543 1198 partem
565 1123 642 1180 renia
661 1122 826 1180 inferiorem
837 1125 940 1181 ‘currit

197 1215 382 1272 transversim
394 1235 493 1273 acorem
506 1235 605 1274 versus
617 1217 764 1274 sinistrum
777 1216 808 1273 in
826 1218 941 1294 origine

197 1308 345 1365 communi
356 1309 505 1366 meso-coli
518 1320 547 1367 et
555 1310 716 1367 mesenterii
725 1309 890 1367 involutum
898 1323 940 1368 at·-

195 1420 256 1477 que
269 1400 300 1458 in
312 1402 369 1459 aitu
377 1403 476 1472 lixum,
487 1395 579 1461 donee
588 1405 625 1461 ad
634 1405 708 1462 latua
717 1403 868 1462 sinistrum
878 1425 941 1462 ver·

196 1494 294 1551 tebrae
307 1494 383 1553 dorsi
396 1496 512 1553 infimae
524 1497 616 1555 laxius
636 1497 676 1566 fit,
696 1496 798 1574 surgit,
818 1515 941 1555 nomen·

196 1604 254 1663 que
265 1585 401 1665 jejunum
413 1589 525 1665 accipit.

231 1679 271 1745 Q.
292 1680 375 1753 Quae
387 1691 525 1742 structura
538 1683 664 1741 duodeni
676 1686 740 1743 esti

236 1777 274 1835 R.
286 1776 464 1835 Duodenum
474 1777 640 1854 peritomen
647 1779 751 1855 partim
761 1777 941 1836 aolummodo

196 1870 315 1948 tegitur,
333 1879 460 1928 caeterae
474 1872 587 1929 tunicae
597 1873 722 1941 eaedem,
742 1891 776 1930 ac
794 1873 940 1931 ventricu-

197 1963 253 2032 lus,
277 1964 363 2022 habet
373 1987 382 2034 ;
402 1965 500 2048 tunica
521 1968 587 2023 vero
606 1984 711 2025 nervua
735 1977 821 2045 atque
833 1969 939 2025 'villosa

196 2076 285 2133 rugas
304 2058 426 2135 majores
438 2078 472 2116 ac
484 2061 516 2116 in
534 2060 693 2117 ventriculo
711 2060 846 2131 formant,
866 2081 940 2139 quae

195 2151 381 2208 transversim
399 2153 430 2209 in
449 2172 520 2211 cavo
538 2153 667 2211 intestini
686 2153 841 2231 dispositae
861 2165 937 2224 suun

197 2252 285 2321 atque
298 2243 328 2300 in
347 2242 533 2320 longitudine
551 2245 647 2304 variae
665 2257 760 2323 partae
778 2248 879 2305 circuli
898 2249 938 2306 sa·

197 2338 287 2395 ciunt.
326 2338 396 2395 Villi
421 2358 538 2415 quoque
560 2341 677 2398 tunicae
698 2341 828 2399 internae
847 2341 938 2399 multo

197 2431 291 2508 magis
304 2430 459 2501 evidentes,
473 2435 560 2509 quiam
574 2434 605 2491 in
619 2434 787 2503 ventriculo,
797 2444 881 2503 aunt3
894 2443 936 2491 et-

197 2544 256 2602 que
269 2544 327 2584 non
342 2526 433 2583 solum
444 2526 712 2586 arteriaeextremae
722 2538 751 2586 et
763 2547 874 2596 nervos,
888 2546 936 2583 ve·

197 2638 264 2677 turn
287 2618 373 2676 etiam
395 2639 444 2677 ora
470 2639 603 2678 vasorum
626 2622 782 2680 lactentum
803 2622 934 2698 plurimaj

196 2713 352 2769 continent.
374 2714 438 2771 sub
451 2713 549 2771 tunicii
562 2714 671 2785 villosi,
686 2715 840 2791 praecipue
848 2729 934 2791 prope

196 2801 343 2878 pylorum,
369 2805 489 2866 folliculi
512 2808 573 2865 sive
593 2808 748 2886 glandulae
769 2821 933 2866 numerosae
