2000 3450
272 255 311 299 ιτ
326 259 513 302 sncnrntouu
527 259 640 301 uteris.
785 245 837 311 98,
908 226 912 235 ’

85 381 217 440 turbetur
223 403 234 453 ;
255 382 352 460 itaque
364 402 506 441 mammae
519 384 592 442 bene
606 403 636 443 se
648 383 767 453 habent,
779 394 824 442 at·

20 463 21 482 ¹
83 494 141 552 que
153 462 303 542 mulierem
317 477 388 534 nihil
402 488 516 536 vexant.
821 480 832 497 '

121 570 158 635 Q
179 571 306 642 Quando
318 569 383 627 lac'
375 590 405 628 ιιι
414 571 539 629 maxima
525 570 633 649 copta
645 573 824 632 secernitur?

123 665 163 723 R.
185 664 255 722 Post
268 675 382 771 partum
400 665 535 735 secundo,
556 666 602 723 vel
621 666 658 757 ad
677 686 822 724 summum

18 813 19 820 ,
82 759 168 818 tertio
191 758 249 827 die,
276 753 423 834 sanguinis
450 759 544 816 multo
564 762 657 837 major
678 754 822 852 quantitas

82 852 508 942 mammesversusconvertitur
508 847 822 931 ,quostiammajoreui
929 895 936 918 ·.

83 937 195 1025 copiam
208 945 290 1002 laetis
303 955 460 1032 secernant,
473 948 561 1023 quam
570 966 637 1006 vasa
645 946 822 1025 lymphatica

80 1034 256 1099 absorbeant
253 1025 399 1116 ,adeoque
409 1039 482 1096 laete
489 1041 616 1098 tumidae
623 1041 821 1119 dIstentaeque

81 1133 165 1203 fiunt,
187 1142 222 1190 ut
234 1132 319 1220 proli
321 1132 435 1223 abunde
454 1134 663 1192 nutrimentum
682 1134 820 1210 suppedi
912 1197 914 1204 ,

79 1236 167 1298 tent3
181 1226 239 1284 nisi
252 1235 348 1284 eutem
358 1213 631 1332 nunendepleantur,
650 1226 820 1284 febriculam
894 1249 897 1254 ’

79 1330 209 1380 movent.
249 1320 366 1392 Quanto
377 1319 490 1397 saepius
502 1340 643 1379 mammae
655 1317 818 1412 deplentur,

79 1424 161 1473 tanto
174 1414 266 1483 lactis,
286 1423 377 1504 certos
390 1414 465 1506 intra
477 1414 557 1485 lines,
571 1415 662 1494 major
674 1414 818 1493 quantitas

79 1509 249 1568 secernitur.

119 1603 154 1668 Q„
176 1602 282 1661 Nonne
294 1611 338 1660 est
350 1601 402 1671 lac,
415 1602 463 1659 vel
471 1599 572 1661 saltem
580 1604 685 1662 humor
692 1601 815 1693 albidus,

76 1695 257 1755 interdum
247 1714 278 1754 m
295 1695 427 1785 mammis
446 1694 508 1785 sine
526 1695 724 1774 granditate
714 1685 816 1755 ruren-

77 1781 166 1850 sumi
230 1777 234 1783 ’
261 1778 264 1783 ’
348 1782 351 1787 ’

117 1886 156 1943 R
178 1874 305 1942 Maxime
321 1873 439 1960 quidem
457 1879 623 1939 mirandum
641 1888 693 1950 est,
711 1889 742 1939 et
759 1881 818 1941 for.

76 1988 154 2038 tasse
166 1976 375 2054 inexplicabile,
393 1993 533 2034 mammas
544 1974 698 2033 infantium
711 1976 817 2034 utrius·

76 2093 136 2152 que
148 2072 234 2131 sexus
245 2071 343 2148 paucis
356 2071 531 2147 diebuspost
540 2079 664 2147 partum,
678 2070 816 2129 etfoemi.

74 2185 181 2226 narum
200 2164 340 2222 sterilium
359 2162 514 2232 interdum,
534 2181 607 2240 quae
626 2163 813 2224 nihilominus

74 2270 145 2319 sunt
177 2256 378 2333 cupidissimae
404 2255 517 2326 sobolis,
550 2274 681 2333 quaeque
708 2255 820 2315 infanti

73 2372 215 2411 mammas
228 2350 391 2429 saepissime
403 2350 545 2427 sugendas
564 2351 635 2407 dant
642 2373 652 2421 ,-
675 2368 709 2407 ae
720 2359 813 2406 aetate

72 2455 289 2524 provectuum
307 2456 336 2501 et
342 2445 468 2502 virorum
477 2444 574 2510 etiam,
587 2444 737 2500 humorem
745 2441 813 2498 sub·

73 2539 204 2597 albidum
218 2539 373 2607 continere,
387 2556 474 2615 quem
486 2535 649 2596 titillatione
662 2535 813 2611 frequente

74 2642 105 2691 et
117 2633 204 2712 longa
217 2630 335 2692 effundi.
