<?xml version="1.0" encoding="UTF-8"?>
<!DOCTYPE html PUBLIC "-//W3C//DTD XHTML 1.0 Transitional//EN"
    "http://www.w3.org/TR/xhtml1/DTD/xhtml1-transitional.dtd">
<html xmlns="http://www.w3.org/1999/xhtml" xml:lang="en" lang="en">
 <head>
  <title>
</title>
<meta http-equiv="Content-Type" content="text/html;charset=utf-8" />
  <meta name='ocr-system' content='tesseract 3.04.00' />
  <meta name='ocr-capabilities' content='ocr_page ocr_carea ocr_par ocr_line ocrx_word'/>
</head>
<body>
  <div class='ocr_page' id='page_1' title='image "./colloquiaanatom01robegoog_0268.png"; bbox 0 0 2000 3450; ppageno 0'>
   <div class='ocr_carea' id='block_1_1' title="bbox 180 236 714 290">
    <p class='ocr_par' dir='ltr' id='par_1_1' title="bbox 180 236 714 290">
     <span class='ocr_line' id='line_1_1' title="bbox 180 236 714 290; baseline -0.009 0"><span class='ocrx_word' id='word_1_1' title='bbox 180 236 237 290; x_wconf 76' lang='lat'>240</span> <span class='ocrx_word' id='word_1_2' title='bbox 373 247 412 286; x_wconf 84' lang='lat' dir='ltr'>ns:</span> <span class='ocrx_word' id='word_1_3' title='bbox 427 246 533 289; x_wconf 79' lang='lat' dir='ltr'>usnvis</span> <span class='ocrx_word' id='word_1_4' title='bbox 546 245 714 286; x_wconf 77' lang='lat' dir='ltr'>senonnns</span> 
     </span>
    </p>
   </div>
   <div class='ocr_carea' id='block_1_2' title="bbox 118 368 980 2896">
    <p class='ocr_par' dir='ltr' id='par_1_2' title="bbox 175 368 936 639">
     <span class='ocr_line' id='line_1_2' title="bbox 179 368 920 451; baseline -0.005 -19"><span class='ocrx_word' id='word_1_5' title='bbox 179 392 235 451; x_wconf 89' lang='lat' dir='ltr'>que</span> <span class='ocrx_word' id='word_1_6' title='bbox 245 370 347 449; x_wconf 83' lang='lat' dir='ltr'>tendit,</span> <span class='ocrx_word' id='word_1_7' title='bbox 360 379 447 447; x_wconf 82' lang='lat' dir='ltr'>atque</span> <span class='ocrx_word' id='word_1_8' title='bbox 457 390 509 447; x_wconf 85' lang='lat' dir='ltr'>per</span> <span class='ocrx_word' id='word_1_9' title='bbox 517 369 681 447; x_wconf 74' lang='lat' dir='ltr'>junctiones</span> <span class='ocrx_word' id='word_1_10' title='bbox 692 368 829 445; x_wconf 82' lang='lat' dir='ltr'>plurimas</span> <span class='ocrx_word' id='word_1_11' title='bbox 839 371 920 447; x_wconf 70' lang='lat' dir='ltr'>plex-</span> 
     </span>
     <span class='ocr_line' id='line_1_3' title="bbox 177 454 936 540; baseline -0.008 -13"><span class='ocrx_word' id='word_1_12' title='bbox 177 488 221 527; x_wconf 80' lang='lat' dir='ltr'>um</span> <span class='ocrx_word' id='word_1_13' title='bbox 241 468 416 525; x_wconf 80' lang='lat' dir='ltr'><strong><em>coronarium</em></strong></span> <span class='ocrx_word' id='word_1_14' title='bbox 436 465 514 534; x_wconf 82' lang='lat' dir='ltr'>facit,</span> <span class='ocrx_word' id='word_1_15' title='bbox 538 485 574 521; x_wconf 85' lang='lat' dir='ltr'>ex</span> <span class='ocrx_word' id='word_1_16' title='bbox 587 484 646 540; x_wconf 91' lang='lat' dir='ltr'>quo</span> <span class='ocrx_word' id='word_1_17' title='bbox 661 464 734 520; x_wconf 86' lang='lat' dir='ltr'>rami</span> <span class='ocrx_word' id='word_1_18' title='bbox 748 464 866 539; x_wconf 87' lang='lat' dir='ltr'>quidam</span> <span class='ocrx_word' id='word_1_19' title='bbox 877 454 936 521; x_wconf 75' lang='lat' dir='ltr'>sd¹</span> 
     </span>
     <span class='ocr_line' id='line_1_4' title="bbox 175 559 673 639; baseline -0.006 -21"><span class='ocrx_word' id='word_1_20' title='bbox 175 561 313 639; x_wconf 83' lang='lat' dir='ltr'>ganglion</span> <span class='ocrx_word' id='word_1_21' title='bbox 327 559 498 617; x_wconf 85' lang='lat' dir='ltr'>semilunare</span> <span class='ocrx_word' id='word_1_22' title='bbox 510 559 673 616; x_wconf 87' lang='lat' dir='ltr'>mittuntur.</span> 
     </span>
    </p>

    <p class='ocr_par' dir='ltr' id='par_1_3' title="bbox 215 652 885 734">
     <span class='ocr_line' id='line_1_5' title="bbox 215 652 885 734; baseline -0.001 -23"><span class='ocrx_word' id='word_1_23' title='bbox 215 655 251 721; x_wconf 78' lang='lat' dir='ltr'>Q.</span> <span class='ocrx_word' id='word_1_24' title='bbox 273 654 352 734; x_wconf 77' lang='lat' dir='ltr'>Quid</span> <span class='ocrx_word' id='word_1_25' title='bbox 364 654 403 710; x_wconf 89' lang='lat' dir='ltr'>‹le</span> <span class='ocrx_word' id='word_1_26' title='bbox 415 654 512 710; x_wconf 86' lang='lat' dir='ltr'>nervis</span> <span class='ocrx_word' id='word_1_27' title='bbox 525 652 716 727; x_wconf 83' lang='lat' dir='ltr'>splanchnicis</span> <span class='ocrx_word' id='word_1_28' title='bbox 729 652 885 710; x_wconf 78' lang='lat' dir='ltr'>observas?</span> 
     </span>
    </p>

    <p class='ocr_par' dir='ltr' id='par_1_4' title="bbox 169 746 921 1652">
     <span class='ocr_line' id='line_1_6' title="bbox 215 746 921 825; baseline -0.001 -18"><span class='ocrx_word' id='word_1_29' title='bbox 215 751 253 807; x_wconf 80' lang='lat' dir='ltr'>R.</span> <span class='ocrx_word' id='word_1_30' title='bbox 273 749 363 807; x_wconf 84' lang='lat' dir='ltr'>Nervi</span> <span class='ocrx_word' id='word_1_31' title='bbox 375 747 546 825; x_wconf 75' lang='lat' dir='ltr'>splanchnici</span> <span class='ocrx_word' id='word_1_32' title='bbox 559 746 669 822; x_wconf 87' lang='lat' dir='ltr'>primus</span> <span class='ocrx_word' id='word_1_33' title='bbox 682 755 712 802; x_wconf 89' lang='lat' dir='ltr'>et</span> <span class='ocrx_word' id='word_1_34' title='bbox 731 747 921 806; x_wconf 78' lang='lat' dir='ltr'>secundarius</span> 
     </span>
     <span class='ocr_line' id='line_1_7' title="bbox 175 839 921 918; baseline -0.003 -18"><span class='ocrx_word' id='word_1_35' title='bbox 175 861 264 901; x_wconf 83' lang='lat' dir='ltr'>nervo</span> <span class='ocrx_word' id='word_1_36' title='bbox 277 841 486 918; x_wconf 82' lang='lat' dir='ltr'>sympsthetieo</span> <span class='ocrx_word' id='word_1_37' title='bbox 498 840 648 916; x_wconf 80' lang='lat' dir='ltr'>magnoin</span> <span class='ocrx_word' id='word_1_38' title='bbox 661 839 777 898; x_wconf 83' lang='lat' dir='ltr'><strong>thorace</strong></span> <span class='ocrx_word' id='word_1_39' title='bbox 789 841 845 898; x_wconf 87' lang='lat' dir='ltr'>orti</span> <span class='ocrx_word' id='word_1_40' title='bbox 862 843 921 898; x_wconf 82' lang='lat' dir='ltr'>ob-</span> 
     </span>
     <span class='ocr_line' id='line_1_8' title="bbox 175 933 919 1013; baseline 0 -20"><span class='ocrx_word' id='word_1_41' title='bbox 175 937 253 1013; x_wconf 74' lang='lat' dir='ltr'>lique</span> <span class='ocrx_word' id='word_1_42' title='bbox 267 937 297 993; x_wconf 89' lang='lat' dir='ltr'>in</span> <span class='ocrx_word' id='word_1_43' title='bbox 310 935 451 993; x_wconf 83' lang='lat' dir='ltr'><strong>abdomen</strong></span> <span class='ocrx_word' id='word_1_44' title='bbox 464 933 654 1004; x_wconf 87' lang='lat' dir='ltr'>descendunt,</span> <span class='ocrx_word' id='word_1_45' title='bbox 668 946 754 1011; x_wconf 84' lang='lat' dir='ltr'>atque</span> <span class='ocrx_word' id='word_1_46' title='bbox 767 935 864 992; x_wconf 75' lang='lat' dir='ltr'>statim</span> <span class='ocrx_word' id='word_1_47' title='bbox 883 936 919 994; x_wconf 85' lang='lat' dir='ltr'>in</span> 
     </span>
     <span class='ocr_line' id='line_1_9' title="bbox 174 1027 917 1104; baseline -0.003 -16"><span class='ocrx_word' id='word_1_48' title='bbox 174 1029 299 1088; x_wconf 82' lang='lat' dir='ltr'>ramulos</span> <span class='ocrx_word' id='word_1_49' title='bbox 311 1046 479 1086; x_wconf 86' lang='lat' dir='ltr'>numerosos</span> <span class='ocrx_word' id='word_1_50' title='bbox 497 1027 680 1096; x_wconf 82' lang='lat' dir='ltr'>dividuntur,</span> <span class='ocrx_word' id='word_1_51' title='bbox 701 1028 917 1104; x_wconf 81' lang='lat' dir='ltr'>expanduntur,</span> 
     </span>
     <span class='ocr_line' id='line_1_10' title="bbox 175 1120 918 1200; baseline 0 -20"><span class='ocrx_word' id='word_1_52' title='bbox 175 1142 299 1200; x_wconf 82' lang='lat' dir='ltr'>eumque</span> <span class='ocrx_word' id='word_1_53' title='bbox 313 1123 396 1182; x_wconf 88' lang='lat' dir='ltr'>sociis</span> <span class='ocrx_word' id='word_1_54' title='bbox 409 1122 505 1180; x_wconf 77' lang='lat' dir='ltr'>luteris</span> <span class='ocrx_word' id='word_1_55' title='bbox 518 1120 644 1192; x_wconf 86' lang='lat' dir='ltr'>ulterius,</span> <span class='ocrx_word' id='word_1_56' title='bbox 665 1133 773 1180; x_wconf 85' lang='lat' dir='ltr'>etcum</span> <span class='ocrx_word' id='word_1_57' title='bbox 793 1125 918 1180; x_wconf 74' lang='lat' dir='ltr'>surculis</span> 
     </span>
     <span class='ocr_line' id='line_1_11' title="bbox 173 1210 918 1295; baseline 0.001 -21"><span class='ocrx_word' id='word_1_58' title='bbox 173 1218 305 1295; x_wconf 85' lang='lat' dir='ltr'>plurimis</span> <span class='ocrx_word' id='word_1_59' title='bbox 332 1217 408 1294; x_wconf 81' lang='lat' dir='ltr'>paris</span> <span class='ocrx_word' id='word_1_60' title='bbox 435 1217 500 1293; x_wconf 79' lang='lat' dir='ltr'>vagi</span> <span class='ocrx_word' id='word_1_61' title='bbox 529 1210 767 1287; x_wconf 75' lang='lat' dir='ltr'>communicant3&#39;</span> <span class='ocrx_word' id='word_1_62' title='bbox 789 1237 918 1294; x_wconf 82' lang='lat' dir='ltr'>quorum</span> 
     </span>
     <span class='ocr_line' id='line_1_12' title="bbox 173 1310 919 1390; baseline 0.001 -22"><span class='ocrx_word' id='word_1_63' title='bbox 173 1313 304 1370; x_wconf 89' lang='lat' dir='ltr'>omnium</span> <span class='ocrx_word' id='word_1_64' title='bbox 318 1312 426 1369; x_wconf 87' lang='lat' dir='ltr'>surculi</span> <span class='ocrx_word' id='word_1_65' title='bbox 440 1311 516 1371; x_wconf 73' lang='lat' dir='ltr'>varie</span> <span class='ocrx_word' id='word_1_66' title='bbox 528 1310 659 1386; x_wconf 84' lang='lat' dir='ltr'>dispositi</span> <span class='ocrx_word' id='word_1_67' title='bbox 678 1311 812 1390; x_wconf 81' lang='lat' dir='ltr'>ganglion</span> <span class='ocrx_word' id='word_1_68' title='bbox 835 1315 919 1369; x_wconf 81' lang='lat' dir='ltr'>semi-</span> 
     </span>
     <span class='ocr_line' id='line_1_13' title="bbox 171 1404 915 1485; baseline -0.008 -21"><span class='ocrx_word' id='word_1_69' title='bbox 171 1408 268 1465; x_wconf 84' lang='lat' dir='ltr'>lunare</span> <span class='ocrx_word' id='word_1_70' title='bbox 281 1407 467 1472; x_wconf 89' lang='lat' dir='ltr'>constituunt,</span> <span class='ocrx_word' id='word_1_71' title='bbox 488 1404 567 1485; x_wconf 92' lang='lat' dir='ltr'>quod</span> <span class='ocrx_word' id='word_1_72' title='bbox 579 1405 658 1479; x_wconf 87' lang='lat' dir='ltr'>apud</span> <span class='ocrx_word' id='word_1_73' title='bbox 677 1407 817 1481; x_wconf 79' lang='lat' dir='ltr'>originem</span> <span class='ocrx_word' id='word_1_74' title='bbox 837 1418 915 1464; x_wconf 86' lang='lat' dir='ltr'>arte.</span> 
     </span>
     <span class='ocr_line' id='line_1_14' title="bbox 171 1497 914 1576; baseline 0.007 -21"><span class='ocrx_word' id='word_1_75' title='bbox 171 1500 230 1556; x_wconf 83' lang='lat' dir='ltr'>riae</span> <span class='ocrx_word' id='word_1_76' title='bbox 252 1501 389 1557; x_wconf 85' lang='lat' dir='ltr'>coeliacae</span> <span class='ocrx_word' id='word_1_77' title='bbox 413 1499 523 1576; x_wconf 76' lang='lat' dir='ltr'>plenum</span> <span class='ocrx_word' id='word_1_78' title='bbox 545 1497 692 1556; x_wconf 84' lang='lat' dir='ltr'>coeliacum</span> <span class='ocrx_word' id='word_1_79' title='bbox 715 1501 776 1557; x_wconf 88' lang='lat' dir='ltr'>sive</span> <span class='ocrx_word' id='word_1_80' title='bbox 795 1502 914 1560; x_wconf 71' lang='lat' dir='ltr'>solarem</span> 
     </span>
     <span class='ocr_line' id='line_1_15' title="bbox 169 1593 834 1652; baseline 0.006 -3"><span class='ocrx_word' id='word_1_81' title='bbox 169 1593 282 1652; x_wconf 75' lang='lat' dir='ltr'>format</span> <span class='ocrx_word' id='word_1_82' title='bbox 831 1599 834 1607; x_wconf 88' lang='lat'>&#39;</span> 
     </span>
    </p>

    <p class='ocr_par' dir='ltr' id='par_1_5' title="bbox 170 1686 924 1843">
     <span class='ocr_line' id='line_1_16' title="bbox 211 1686 924 1770; baseline 0.011 -23"><span class='ocrx_word' id='word_1_83' title='bbox 211 1686 245 1754; x_wconf 81' lang='lat' dir='ltr'>Q.</span> <span class='ocrx_word' id='word_1_84' title='bbox 267 1690 326 1767; x_wconf 87' lang='lat' dir='ltr'>Qui</span> <span class='ocrx_word' id='word_1_85' title='bbox 341 1689 443 1768; x_wconf 83' lang='lat' dir='ltr'>plexus</span> <span class='ocrx_word' id='word_1_86' title='bbox 462 1709 618 1749; x_wconf 82' lang='lat' dir='ltr'>nervorum</span> <span class='ocrx_word' id='word_1_87' title='bbox 638 1711 654 1748; x_wconf 91' lang='lat' dir='ltr'>e</span> <span class='ocrx_word' id='word_1_88' title='bbox 677 1693 765 1770; x_wconf 84' lang='lat' dir='ltr'>plexu</span> <span class='ocrx_word' id='word_1_89' title='bbox 787 1690 924 1755; x_wconf 60' lang='lat' dir='ltr'>coeliaeo&#39;</span> 
     </span>
     <span class='ocr_line' id='line_1_17' title="bbox 170 1782 491 1843; baseline 0.006 -2"><span class='ocrx_word' id='word_1_90' title='bbox 170 1782 230 1842; x_wconf 89' lang='lat' dir='ltr'>sive</span> <span class='ocrx_word' id='word_1_91' title='bbox 243 1784 327 1842; x_wconf 81' lang='lat' dir='ltr'>solari</span> <span class='ocrx_word' id='word_1_92' title='bbox 340 1784 491 1843; x_wconf 84' lang='lat' dir='ltr'>oriuntur?</span> 
     </span>
    </p>

    <p class='ocr_par' dir='ltr' id='par_1_6' title="bbox 118 1877 980 2896">
     <span class='ocr_line' id='line_1_18' title="bbox 208 1877 980 1961; baseline 0.01 -26"><span class='ocrx_word' id='word_1_93' title='bbox 208 1878 246 1936; x_wconf 77' lang='lat' dir='ltr'>R.</span> <span class='ocrx_word' id='word_1_94' title='bbox 269 1879 294 1936; x_wconf 89' lang='lat' dir='ltr'>E</span> <span class='ocrx_word' id='word_1_95' title='bbox 310 1877 397 1955; x_wconf 85' lang='lat' dir='ltr'>plexu</span> <span class='ocrx_word' id='word_1_96' title='bbox 417 1879 467 1935; x_wconf 91' lang='lat' dir='ltr'>illo</span> <span class='ocrx_word' id='word_1_97' title='bbox 486 1881 620 1937; x_wconf 85' lang='lat' dir='ltr'>oriuntur</span> <span class='ocrx_word' id='word_1_98' title='bbox 639 1880 737 1958; x_wconf 80' lang='lat' dir='ltr'>plexus·</span> <span class='ocrx_word' id='word_1_99' title='bbox 759 1882 914 1961; x_wconf 77' lang='lat' dir='ltr'>hepaticus,</span> <span class='ocrx_word' id='word_1_100' title='bbox 979 1909 980 1914; x_wconf 51' lang='lat'>¹</span> 
     </span>
     <span class='ocr_line' id='line_1_19' title="bbox 169 1971 915 2051; baseline 0.013 -24"><span class='ocrx_word' id='word_1_101' title='bbox 169 1971 220 2048; x_wconf 90' lang='lat' dir='ltr'>qui</span> <span class='ocrx_word' id='word_1_102' title='bbox 234 1971 341 2048; x_wconf 82' lang='lat' dir='ltr'>hepati,</span> <span class='ocrx_word' id='word_1_103' title='bbox 357 1971 498 2029; x_wconf 80' lang='lat' dir='ltr'>vesiculae</span> <span class='ocrx_word' id='word_1_104' title='bbox 512 1972 596 2043; x_wconf 86' lang='lat' dir='ltr'>fellis,</span> <span class='ocrx_word' id='word_1_105' title='bbox 610 1976 796 2051; x_wconf 84' lang='lat' dir='ltr'>partibusque</span> <span class='ocrx_word' id='word_1_106' title='bbox 807 1978 915 2039; x_wconf 77' lang='lat' dir='ltr'>vicinis</span> 
     </span>
     <span class='ocr_line' id='line_1_20' title="bbox 167 2058 914 2144; baseline 0.013 -24"><span class='ocrx_word' id='word_1_107' title='bbox 167 2058 252 2121; x_wconf 84' lang='lat' dir='ltr'>sicuti</span> <span class='ocrx_word' id='word_1_108' title='bbox 265 2063 484 2141; x_wconf 80' lang='lat' dir='ltr'>diaphragmati‚</span> <span class='ocrx_word' id='word_1_109' title='bbox 508 2067 677 2133; x_wconf 85' lang='lat' dir='ltr'>ventriculo,</span> <span class='ocrx_word' id='word_1_110' title='bbox 701 2072 914 2144; x_wconf 62' lang='lat' dir='ltr'>pandentes</span> 
     </span>
     <span class='ocr_line' id='line_1_21' title="bbox 165 2156 914 2243; baseline 0.012 -27"><span class='ocrx_word' id='word_1_111' title='bbox 165 2156 309 2227; x_wconf 86' lang='lat' dir='ltr'>duodeno,</span> <span class='ocrx_word' id='word_1_112' title='bbox 323 2159 447 2215; x_wconf 81' lang='lat' dir='ltr'>ramulos</span> <span class='ocrx_word' id='word_1_113' title='bbox 459 2159 549 2237; x_wconf 66' lang='lat' dir='ltr'>ruinis</span> <span class='ocrx_word' id='word_1_114' title='bbox 557 2183 566 2229; x_wconf 87' lang='lat'>;</span> <span class='ocrx_word' id='word_1_115' title='bbox 587 2162 686 2237; x_wconf 74' lang='lat' dir='ltr'>plexus</span> <span class='ocrx_word' id='word_1_116' title='bbox 696 2163 841 2238; x_wconf 77' lang='lat' dir='ltr'>splenicus,</span> <span class='ocrx_word' id='word_1_117' title='bbox 856 2170 914 2243; x_wconf 84' lang='lat' dir='ltr'>qui</span> 
     </span>
     <span class='ocr_line' id='line_1_22' title="bbox 164 2250 913 2331; baseline 0.016 -25"><span class='ocrx_word' id='word_1_118' title='bbox 164 2250 309 2327; x_wconf 80' lang='lat' dir='ltr'>peneresti</span> <span class='ocrx_word' id='word_1_119' title='bbox 321 2258 351 2307; x_wconf 93' lang='lat' dir='ltr'>et</span> <span class='ocrx_word' id='word_1_120' title='bbox 364 2251 456 2327; x_wconf 88' lang='lat' dir='ltr'>spleni</span> <span class='ocrx_word' id='word_1_121' title='bbox 475 2252 668 2329; x_wconf 79' lang='lat' dir='ltr'>dispergitur3</span> <span class='ocrx_word' id='word_1_122' title='bbox 688 2257 786 2331; x_wconf 76' lang='lat' dir='ltr'>plexus</span> <span class='ocrx_word' id='word_1_123' title='bbox 804 2279 913 2318; x_wconf 79' lang='lat' dir='ltr'>mesen-</span> 
     </span>
     <span class='ocr_line' id='line_1_23' title="bbox 165 2345 909 2426; baseline 0.005 -25"><span class='ocrx_word' id='word_1_124' title='bbox 165 2346 265 2404; x_wconf 75' lang='lat' dir='ltr'>teritus</span> <span class='ocrx_word' id='word_1_125' title='bbox 272 2345 408 2423; x_wconf 77' lang='lat' dir='ltr'>superior,</span> <span class='ocrx_word' id='word_1_126' title='bbox 422 2345 473 2422; x_wconf 87' lang='lat' dir='ltr'>qui</span> <span class='ocrx_word' id='word_1_127' title='bbox 486 2348 632 2422; x_wconf 83' lang='lat' dir='ltr'>glandulis</span> <span class='ocrx_word' id='word_1_128' title='bbox 645 2349 777 2426; x_wconf 84' lang='lat' dir='ltr'>vasisque</span> <span class='ocrx_word' id='word_1_129' title='bbox 790 2371 909 2411; x_wconf 85' lang='lat' dir='ltr'>mesen.</span> 
     </span>
     <span class='ocr_line' id='line_1_24' title="bbox 118 2439 907 2522; baseline 0.011 -26"><span class='ocrx_word' id='word_1_130' title='bbox 118 2497 120 2504; x_wconf 17' lang='grc' dir='ltr'><strong>Α</strong></span> <span class='ocrx_word' id='word_1_131' title='bbox 163 2439 268 2508; x_wconf 76' lang='lat' dir='ltr'>teritis,</span> <span class='ocrx_word' id='word_1_132' title='bbox 288 2440 431 2498; x_wconf 84' lang='lat' dir='ltr'>intestinis</span> <span class='ocrx_word' id='word_1_133' title='bbox 445 2442 591 2510; x_wconf 85' lang='lat' dir='ltr'>tenuibus,</span> <span class='ocrx_word' id='word_1_134' title='bbox 615 2443 671 2499; x_wconf 91' lang='lat' dir='ltr'>coli</span> <span class='ocrx_word' id='word_1_135' title='bbox 688 2444 805 2501; x_wconf 84' lang='lat' dir='ltr'>dextrae</span> <span class='ocrx_word' id='word_1_136' title='bbox 818 2449 907 2522; x_wconf 82' lang='lat' dir='ltr'>pani,</span> 
     </span>
     <span class='ocr_line' id='line_1_25' title="bbox 161 2535 908 2607; baseline 0.011 -15"><span class='ocrx_word' id='word_1_137' title='bbox 161 2543 190 2592; x_wconf 91' lang='lat' dir='ltr'>et</span> <span class='ocrx_word' id='word_1_138' title='bbox 203 2544 299 2593; x_wconf 83' lang='lat' dir='ltr'>sortue</span> <span class='ocrx_word' id='word_1_139' title='bbox 311 2535 439 2592; x_wconf 85' lang='lat' dir='ltr'>surculos</span> <span class='ocrx_word' id='word_1_140' title='bbox 452 2535 617 2593; x_wconf 89' lang='lat' dir='ltr'>innumeros</span> <span class='ocrx_word' id='word_1_141' title='bbox 627 2537 782 2607; x_wconf 86' lang='lat' dir='ltr'>distribuit,</span> <span class='ocrx_word' id='word_1_142' title='bbox 796 2540 908 2599; x_wconf 88' lang='lat' dir='ltr'>deinde</span> 
     </span>
     <span class='ocr_line' id='line_1_26' title="bbox 160 2627 909 2712; baseline 0.003 -28"><span class='ocrx_word' id='word_1_143' title='bbox 160 2628 279 2704; x_wconf 84' lang='lat' dir='ltr'>plexum</span> <span class='ocrx_word' id='word_1_144' title='bbox 293 2629 343 2705; x_wconf 91' lang='lat' dir='ltr'>qui</span> <span class='ocrx_word' id='word_1_145' title='bbox 356 2627 426 2687; x_wconf 82' lang='lat' dir='ltr'>ulios</span> <span class='ocrx_word' id='word_1_146' title='bbox 439 2630 567 2687; x_wconf 84' lang='lat' dir='ltr'>surculos</span> <span class='ocrx_word' id='word_1_147' title='bbox 587 2631 798 2707; x_wconf 77' lang='lat' dir='ltr'>sympathetico</span> <span class='ocrx_word' id='word_1_148' title='bbox 820 2655 909 2712; x_wconf 80' lang='lat' dir='ltr'><strong>mag.</strong></span> 
     </span>
     <span class='ocr_line' id='line_1_27' title="bbox 159 2723 908 2805; baseline 0.009 -29"><span class='ocrx_word' id='word_1_149' title='bbox 159 2739 198 2777; x_wconf 91' lang='lat' dir='ltr'>no</span> <span class='ocrx_word' id='word_1_150' title='bbox 210 2723 322 2800; x_wconf 80' lang='lat' dir='ltr'>recipit,</span> <span class='ocrx_word' id='word_1_151' title='bbox 334 2723 411 2781; x_wconf 85' lang='lat' dir='ltr'>circe</span> <span class='ocrx_word' id='word_1_152' title='bbox 423 2733 531 2781; x_wconf 80' lang='lat' dir='ltr'>sortem</span> <span class='ocrx_word' id='word_1_153' title='bbox 546 2725 672 2783; x_wconf 86' lang='lat' dir='ltr'>demittit</span> <span class='ocrx_word' id='word_1_154' title='bbox 682 2749 691 2794; x_wconf 92' lang='lat'>;</span> <span class='ocrx_word' id='word_1_155' title='bbox 706 2737 736 2783; x_wconf 89' lang='lat' dir='ltr'>et</span> <span class='ocrx_word' id='word_1_156' title='bbox 745 2728 847 2805; x_wconf 75' lang='lat' dir='ltr'>plexus·</span> <span class='ocrx_word' id='word_1_157' title='bbox 859 2752 908 2787; x_wconf 79' lang='lat' dir='ltr'>re.</span> 
     </span>
     <span class='ocr_line' id='line_1_28' title="bbox 159 2812 908 2896; baseline 0.015 -26"><span class='ocrx_word' id='word_1_158' title='bbox 159 2812 239 2880; x_wconf 72' lang='lat' dir='ltr'>natis,</span> <span class='ocrx_word' id='word_1_159' title='bbox 263 2816 313 2890; x_wconf 91' lang='lat' dir='ltr'>qui</span> <span class='ocrx_word' id='word_1_160' title='bbox 337 2816 464 2887; x_wconf 86' lang='lat' dir='ltr'>renibus,</span> <span class='ocrx_word' id='word_1_161' title='bbox 486 2818 632 2894; x_wconf 79' lang='lat' dir='ltr'>glandulis</span> <span class='ocrx_word' id='word_1_162' title='bbox 644 2823 908 2896; x_wconf 71' lang='lat' dir='ltr'>supra-renelibus,</span> 
     </span>
    </p>
   </div>
   <div class='ocr_carea' id='block_1_3' title="bbox 0 0 1004 3450">
    <p class='ocr_par' dir='ltr' id='par_1_7' title="bbox 0 0 1004 3450">
     <span class='ocr_line' id='line_1_29' title="bbox 0 0 1004 3450; baseline 0 6"><span class='ocrx_word' id='word_1_163' title='bbox 0 0 1004 3450; x_wconf 95' lang='lat' dir='ltr'> </span> 
     </span>
    </p>
   </div>
  </div>
 </body>
</html>
