2000 3450
232 240 271 282 ar
285 239 710 296 crrarrrrrarrssurraroars.
788 236 842 295 127

9 341 10 344 Ἴ
98 363 382 440 nemisqucaxillac,
402 366 547 436 musculis,
567 369 706 438 mammis,
728 378 757 427 ct
769 370 842 429 inte-

98 458 253 533 gumentis
265 457 396 527 thoracis,
416 459 541 517 ramulos
560 460 743 521 distribuunt.
781 467 844 521 Ax·

97 548 195 608 illaria
206 552 383 629 scapularem
395 554 547 623 internam,
561 553 701 613 dorsalem
713 557 844 635 scapulae

98 642 279 716 inferiorem,
299 645 510 705 circumflexam
523 647 584 706 sive
596 643 774 712 articularem
793 668 843 707 an·

98 737 241 796 aeriorem
261 751 291 799 et
311 729 505 819 posteriorem,
528 740 654 811 cmittit3
680 740 786 799 deinde
808 744 845 800 ab

9 899 10 914 χ
99 831 324 912 axilllemergit
336 834 373 893 ad
386 834 461 892 latus
473 834 593 893 inferius
611 836 735 894 musculi
748 845 845 913 pecto-

99 924 171 983 ralis
183 928 310 1005 majoris,
323 938 354 986 et
365 928 468 987 arteria
479 920 634 989 humeralis
647 941 773 989 vocatur.

141 1019 181 1085 Q·
203 1023 318 1099 Quibus
330 1021 496 1081 nominibus
506 1024 586 1093 rami,
597 1042 669 1101 quos
678 1025 781 1083 arteria
790 1025 845 1086 hu·

98 1114 218 1174 moralis
230 1115 291 1173 sive
303 1115 454 1175 brachialis
467 1116 583 1185 emittit,
595 1118 797 1194 appellantur?

139 1210 180 1268 R.
200 1208 365 1268 Humeralis
377 1205 438 1267 sive
450 1207 600 1268 &audictis
608 1210 783 1287 profundam
791 1211 845 1269 hu-

100 1303 176 1361 meri
187 1303 365 1380 superiorem
374 1312 404 1361 et
414 1303 588 1374 inferiorem,
600 1322 770 1382 ramumque
777 1323 846 1362 ana·

9 1439 10 1468 3
100 1397 287 1456 stomoticum
312 1415 451 1474 magnum
480 1397 595 1467 emittit,
628 1417 701 1475 quae
726 1398 846 1456 arteriae

99 1491 240 1550 musculis
260 1492 489 1563 distribuuntur3
504 1492 609 1550 deinde
621 1491 775 1552 humeralis
784 1493 846 1570 ipsa

101 1586 274 1663 plerumque
287 1585 324 1644 ad
337 1586 467 1645 cubitum
476 1586 512 1643 in
525 1586 661 1643 radialem
674 1596 704 1643 et
715 1586 845 1644 ulnurem

101 1678 250 1739 dividitur.
344 1732 346 1735 .
796 1749 803 1753 -

142 1774 177 1839 Q.
198 1775 345 1832 Enumera
365 1773 438 1831 mihi
457 1790 574 1831 causum
593 1772 717 1840 radicalis,
739 1790 845 1829 ramos-

103 1888 160 1947 que
171 1867 381 1926 indeemissos.

94 1970 101 1987 ¹
140 1962 179 2019 R.
199 1960 312 2019 Arteria
324 1956 442 2019 radiolis
454 1979 545 2039 prope
555 1960 685 2019 cubitum
698 1976 846 2018 recurren-

103 2066 162 2115 tem
176 2055 314 2114 radialem
326 2056 458 2125 reflectit,
470 2073 545 2132 quac
557 2054 675 2113 ramulis
687 2054 848 2132 profundae

103 2149 217 2208 humeri
230 2149 421 2219 connectitur,
435 2147 551 2215 deinde,
564 2147 681 2205 ramulis
689 2147 848 2205 numerosis

102 2242 134 2301 in
147 2243 292 2302 musculos
305 2242 449 2311 immissis,
473 2259 589 2300 cursum
603 2241 640 2301 ad
652 2260 772 2317 carpum
785 2258 848 2297 ver·

104 2356 152 2395 sus
165 2355 257 2414 prope
270 2336 384 2394 radium
399 2346 486 2405 tenet,
507 2347 593 2415 atque
606 2337 657 2405 ibi,
677 2332 849 2412 superficiali
910 2389 913 2394 .

104 2431 184 2489 volae
194 2431 307 2501 emissa,
322 2432 377 2489 sub
389 2430 557 2489 tendinibus
570 2440 752 2488 extensurum
767 2426 849 2504 polli-

105 2526 144 2584 cis
169 2526 282 2595 transit,
303 2536 366 2583 tum
387 2526 462 2582 inter
482 2543 545 2582 ossa
568 2520 767 2598 metacarpalia
784 2520 848 2596 pol-

105 2619 166 2678 licis
178 2630 209 2677 et
221 2619 308 2696 digiti
321 2618 425 2677 indicis
438 2620 563 2696 palmam
574 2634 673 2675 versus
692 2613 849 2691 immergit,

107 2716 297 2795 arteriamque
311 2733 446 2790 magnam
460 2712 573 2791 pollicis
586 2720 616 2768 et
627 2708 762 2767 radialem
775 2708 850 2767 indi·

106 2809 146 2866 cis
158 2809 273 2878 emittit,
287 2817 317 2865 et
330 2807 446 2869 tandem
459 2792 558 2865 artum
572 2802 757 2883 profundum,
772 2801 850 2861 unde

108 2901 237 2980 digitales
251 2903 389 2970 oriantur,
403 2901 495 2960 efficit.
