2000 3450
334 222 587 267 nuvunrmcuuo.
764 213 819 276 189

75 349 168 406 nistra
181 355 210 406 ct
223 364 290 406 vasa
305 348 402 407 brevia
420 348 555 426 splenicfi,
575 349 733 409 ventriculo
752 350 819 409 mit·

75 449 188 501 tuntur.

115 535 152 599 Q·
172 534 234 612 Qui
246 535 324 594 nerei
336 534 367 593 iu
380 536 540 595 ventriculo
552 535 785 597 distribuuntur?

113 631 154 688 R.
177 629 259 688 Remi
272 630 389 708 paribus
408 630 485 707 vagis
505 631 566 688 sive
584 630 691 688 octavis
710 632 818 706 praeci.

73 725 141 802 pue,
149 723 198 782 elii
206 742 321 800 quoque
330 722 547 800 sympathetIcis
556 723 678 799 mugnis,
687 723 817 782 derivati.

114 819 151 884 Q.
170 817 307 875 Hebetne
319 815 495 875 ventriculus
509 835 576 875 vasu
584 816 785 875 absorbentia?

112 911 153 969 R.
175 909 294 986 Erugis
313 908 427 968 tunicae
446 910 564 981 intimae
584 929 650 967 vassa
665 909 816 968 innumera

72 1015 103 1062 et
114 1021 222 1081 magne
233 1004 414 1062 absorbentia
430 1004 573 1072 oriuntur,
593 1024 666 1080 quae
684 1003 719 1060 in'
734 1004 817 1082 glan·

72 1094 287 1173 dulas-exiguas
300 1096 331 1153 in
345 1096 505 1157 curvaturis
518 1084 671 1154 ventriculi
689 1096 757 1154 sitas
769 1098 815 1155 in.

73 1188 255 1266 grediuutur‚
268 1188 374 1246 deinde
386 1189 417 1247 in
430 1180 551 1247 ductum
563 1188 739 1247 thoracicum
748 1191 815 1248 abe-

73 1294 137 1342 unt.
231 1276 234 1283 ’
548 1328 550 1331 -

114 1376 148 1442 Q.
162 1378 343 1437 Nonnesunt
349 1378 508 1455 glandulae,
518 1378 594 1437 iuter
602 1377 727 1434 tunicam
736 1395 814 1436 mus·

72 1470 199 1529 culosam
210 1471 366 1531 ventriculi
377 1481 406 1530 et
415 1472 557 1540 villosam,
571 1471 661 1529 sitse?

110 1564 149 1621 R.
170 1564 250 1621 Olim
263 1564 304 1622 ibi
316 1565 468 1641 glandulas
481 1583 543 1622 csse
556 1572 690 1641 putatum
703 1574 756 1634 est,
770 1585 814 1624 re<

72 1656 212 1717 centiores
223 1666 321 1714 autem
334 1668 474 1716 scrutures
486 1657 637 1714 anatomici
647 1676 707 1713 non
716 1658 813 1716 videre

72 1752 135 1810 illas
146 1750 322 1828 potuissent:
344 1751 405 1810 veri
417 1761 460 1809 est
473 1751 566 1808 simile
585 1761 681 1808 tamen
699 1751 812 1808 follicu-

70 1846 113 1903 los
126 1861 258 1904 mucosus
270 1844 310 1908 ibi
323 1845 453 1915 existere,
466 1853 496 1902 et
508 1863 562 1922 pro
573 1842 718 1921 glandulis
730 1843 812 1901 habi.

71 1949 115 1998 tos
127 1961 197 2001 csse.

110 2034 145 2099 Q.
166 2034 281 2106 Quibus
294 2034 367 2092 vasis
379 2052 476 2092 succus
485 2025 624 2110 gauricus
643 2032 810 2102 secernitur,
866 2033 870 2040 “

7 2167 8 2178 s
71 2128 95 2185 si
107 2119 260 2205 glandulae
273 2129 305 2185 in
318 2125 477 2184 ventriculo
490 2145 549 2182 non
564 2125 705 2182 existant?

7 2243 8 2280 t
108 2222 146 2279 R.
167 2220 404 2279 Extremiutibus
423 2218 622 2276 minutissimis
635 2218 809 2278 arteriarum.

7 2307 8 2344 ³
98 2313 146 2378 ‘Q
167 2315 221 2373 Cui
230 2314 294 2372 usui
308 2312 483 2371 ventriculus
496 2309 634 2369 inservit?

7 2415 8 2426 ¹
107 2411 147 2468 R.
166 2407 351 2468 Ventriculus
363 2408 402 2464 sb
413 2405 576 2481 oesophago
595 2404 673 2461 cibos
692 2404 807 2480 excipit,

70 2519 175 2578 cosque
187 2521 239 2578 per
251 2500 336 2559 horas
347 2499 420 2558 duas
437 2510 532 2557 tresve
550 2498 686 2567 continet,
709 2497 807 2573 agitat,
918 2487 923 2497 ’

69 2594 162 2664 solvit,
182 2605 284 2667 mutat,
303 2605 391 2673 atque
404 2592 522 2652 taudem
535 2590 566 2648 in
579 2590 745 2666 duodenum
757 2588 808 2648 de·

70 2688 166 2750 mittit.
