2000 3450
283 246 322 291 tn
337 247 524 292 srenn‘narrr
538 249 655 291 uacuis.
799 238 840 297 91²

92 376 352 445 warmundum,
370 375 462 451 magia
475 374 679 450 prominentes,
700 392 733 433 ae
751 392 838 451 gran.

92 471 205 538 diores,
228 469 345 545 tuisque
363 468 531 525 muneribus
550 467 700 543 iungendo
717 467 839 536 habiles,
951 531 955 537 ,

92 563 174 620 flunt
183 584 193 631 3
203 561 337 619 foeminis
343 560 450 619 adultis
458 571 564 629 tamen,
571 560 706 637 gravidis,
720 569 749 619 et
758 581 840 638 prae·

94 654 199 713 sertim
219 654 377 731 puerperis,
396 663 426 712 et
444 654 627 722 laetantibus,
650 655 790 713 maritinae
809 664 839 713 et

94 748 313 825 pulcherrimae
327 758 404 805 eum.

140 843 177 909 Q.
197 840 280 913 Quae
292 860 433 900 mammae
444 842 552 901 fabrica
564 845 626 903 est?

137 937 178 993 R.
198 935 330 1011 Utraque
342 954 467 992 mamma
478 955 514 992 ex
527 936 672 1011 glandulis
679 937 839 996 minoribut

95 1021 163 1087 fere
172 1027 331 1085 innumeris
350 1037 470 1097 conant,
493 1048 567 1104 quae
585 1049 684 1089 ornnes
703 1031 839 1090 ductibus

95 1122 162 1179 aive
174 1119 283 1177 tubulis
295 1120 432 1178 laetiferis
444 1120 519 1177 inter
538 1139 600 1178 sese
612 1123 838 1199 conjunguntur,

97 1215 152 1292 qui
166 1213 288 1290 majores
300 1213 479 1290 majoresque
492 1213 576 1282 fiunt,
596 1223 625 1271 et
638 1215 669 1272 in
688 1217 768 1292 apice
787 1237 839 1293 pa-

96 1308 187 1386 pillae
200 1326 314 1384 perora
327 1307 479 1365 duodecim
489 1308 537 1365 vel
547 1308 712 1385 quindecim
722 1310 839 1369 tandem

97 1402 192 1459 hiant.
231 1400 298 1457 Hae
319 1400 473 1477 glandulae
493 1401 587 1459 multo
605 1402 690 1479 adipe
706 1414 736 1462 et
747 1424 840 1464 mem·

97 1496 191 1553 brana
208 1491 334 1551 cellulari
352 1494 566 1566 circundantur,
588 1515 662 1573 quae
678 1517 839 1575 magna‘ex

96 1597 182 1666 parte
194 1586 300 1645 molem
318 1605 509 1646 mammarum
527 1589 681 1647 rotundam
700 1592 839 1651 constitu·

98 1692 165 1750 unt,
179 1690 209 1740 et
221 1700 287 1739 vasa
300 1681 456 1759 sanguinea
474 1692 562 1760 atqua
581 1683 671 1742 lactea
690 1684 839 1744 sustinent.

99 1776 213 1853 Pupilla
224 1776 311 1833 rubra
324 1785 376 1859 eat,
396 1786 426 1833 et
437 1775 610 1844 titillatione,
630 1776 678 1833 vel
690 1777 777 1834 etiam
790 1797 841 1836 eu·
918 1808 922 1824 ·

100 1870 203 1947 pirliue
224 1871 354 1938 venerea,
375 1888 437 1928 sese
457 1867 609 1946 paululum
629 1867 739 1945 erigere
756 1870 840 1929 valet.

101 1964 219 2021 Circum
226 1948 313 2021 'basin
327 1963 450 2041 papillae
462 1961 556 2020 areola
568 1971 621 2029 eat,
635 1962 686 2019 ubi
694 1963 765 2022 ritae
774 1973 843 2023 aunt

100 2059 212 2117 multae
224 2058 358 2115 sebaeeae
369 2057 524 2134 glandulae
537 2066 566 2114 et
578 2056 707 2116 folliculi.

145 2152 179 2220 Q,
200 2150 268 2222 Qua
278 2151 389 2209 ratione
401 2150 472 2208 lace
484 2152 626 2231 sanguine
638 2152 816 2213 aecenritur?

142 2247 180 2305 R.
201 2245 286 2304 Ratio
297 2246 417 2323 quidem
429 2264 533 2322 parum
546 2246 661 2322 cognita
673 2256 725 2316 eat,
738 2255 769 2305 et
780 2267 842 2306 aer.

103 2351 133 2399 te
145 2342 275 2408 obseura,
289 2358 350 2408 cur,
364 2339 445 2398 brevi
457 2339 595 2417 temporis
607 2339 709 2417 spatio,
729 2359 765 2397 ex
778 2359 842 2397 aau-

103 2434 195 2513 guine
217 2434 306 2491 rubro
318 2432 363 2492 lac
375 2433 474 2492 album
486 2434 544 2493 fiat
585 2433 664 2491 Scire
683 2442 779 2490 tamen
794 2432 844 2508 ju·
867 2450 871 2457 ’

104 2538 162 2597 vat,
175 2527 302 2585 ramulos
321 2526 488 2586 arteriarum
508 2525 707 2603 exiguissimos
727 2524 758 2580 in
776 2525 844 2582 aub-

104 2621 241 2681 stantiam
256 2621 457 2699 glanduloaam
466 2620 591 2699 ingredi,
601 2619 632 2675 in
643 2621 701 2695 qual
712 2618 844 2678 innume-

104 2717 131 2774 ri
149 2715 256 2774 duetus
274 2716 462 2793 minutissimi¹
480 2724 510 2771 et
528 2711 679 2791 glomerati
707 2708 844 2785 existunt,

105 2809 157 2889 qui
170 2809 341 2887 sanguinem
356 2807 568 2888 quodammodo
577 2816 709 2880 mutant,
723 2807 771 2867 alii
778 2827 846 2868 cum
