2000 3450
186 275 240 334 126
370 287 409 329 ue
429 286 572 332 auresue
591 287 734 331 retrorsa
857 321 863 334 .

181 434 337 494 eorumque
354 415 500 484 musculis,
524 423 554 472 et
572 414 725 491 glandulae
743 414 919 492 thyroideae,

179 511 303 569 ramulos
321 509 419 597 mittit.

219 605 253 670 Q.
276 601 356 681 Quid
369 602 442 661 dieis
455 601 492 658 de
505 602 634 661 cervicali
639 601 783 680 profundd
796 603 857 663 sive
869 623 921 662 an·

66 729 74 748 ι
173 697 292 776 teriore,
302 705 332 757 et
344 695 513 775 superficiali
525 696 586 753 sive
598 695 762 774 posteriore,
775 705 806 754 et
818 697 922 756 derauli

179 790 320 869 superiore
331 788 480 867 scapulae?
914 851 918 859 ,

217 884 254 942 R.
275 882 345 941 lllae
366 883 485 941 arteriae
504 881 651 940 interdum
667 881 783 952 desunt,
806 884 922 961 saepius

177 987 273 1036 nmen
286 995 322 1034 ex
342 976 497 1046 subclavid,
520 975 567 1035 vel
586 975 746 1052 thymided‚
765 975 921 1050 oriuntur3

176 1071 392 1148 integumentis,
412 1070 551 1130 musculis
572 1067 701 1137 cervicis,
722 1077 751 1126 et
770 1068 921 1146 glandulis

177 1164 398 1237 distribuuntur,
422 1177 452 1224 et
465 1184 532 1224 cum
545 1162 663 1223 ramulis
676 1163 795 1221 arteriae
813 1164 921 1242 occipi-

177 1258 242 1317 talis
255 1269 285 1317 et
298 1260 465 1319 vertebralis
478 1257 702 1318 communicant.

177 1399 179 1402 -
217 1352 251 1419 Q.
272 1355 362 1412 Unde
374 1353 578 1411 oriturarteria
590 1352 773 1410 intercoatalie
781 1353 920 1430 superior,

176 1454 205 1503 et
218 1464 277 1522 quo
289 1445 404 1504 tendit?

214 1540 253 1598 R.
273 1541 319 1598 Ex
327 1540 474 1599 subclavia
482 1539 583 1609 oritur,
594 1540 663 1600 dein
674 1559 765 1618 prope
774 1541 921 1600 vertebras

176 1634 334 1706 descendit,
348 1643 435 1712 atque
447 1636 479 1694 in
490 1652 585 1693 ramos
598 1634 671 1693 duos
683 1644 734 1692 aut
744 1645 802 1693 tres
810 1635 921 1713 praeei-

174 1746 249 1805 puos
261 1728 418 1801 diducitur,
441 1730 538 1808 quiin
558 1728 688 1807 margine
707 1729 841 1787 inferiore
854 1729 922 1787 tuti·

176 1821 244 1880 dem
257 1832 399 1883 uostarum
413 1825 593 1901 superiorum
606 1841 723 1881 cursum
737 1841 835 1880 versus
848 1832 921 1881 ster-

176 1934 248 1973 num
261 1926 380 1988 tenent3
404 1927 433 1976 et
447 1918 595 1987 musculis,
615 1916 803 1995 partibusque
817 1918 921 1977 ricinis

175 2009 301 2069 ramulos
313 2012 492 2090 dispergunt

216 2102 252 2167 Q·
273 2106 341 2181 Quo
353 2123 469 2163 cursum
482 2105 587 2164 arteria
599 2105 746 2165 aubelavia
754 2105 861 2175 tendit,
875 2124 921 2164 ar·

175 2197 254 2257 teriia
263 2199 325 2276 jam
338 2198 423 2257 diutia
435 2199 555 2268 emissis,
570 2198 616 2256 vel
629 2219 688 2276 quo
701 2202 755 2259 sub
766 2201 905 2259 nomine?

215 2294 253 2352 R.
274 2294 386 2354 Arteria
398 2293 540 2353 sudchtviu
553 2310 633 2351 nune
646 2292 677 2350 in
690 2293 805 2352 axillam
821 2294 921 2372 ingre·

95 2415 97 2419 ·
175 2390 263 2463 ditur,
276 2389 478 2469 glandulisque
490 2386 685 2466 lymphaticis,
702 2387 798 2466 adipe,
811 2397 842 2447 et
853 2407 921 2447 ner-

174 2503 277 2542 vorum
289 2484 377 2562 plexu
389 2502 561 2561 magnorum
571 2481 748 2554 circundata,
757 2483 862 2547 arteria
870 2503 921 2541 ax·

173 2577 262 2636 illaris
274 2579 315 2638 ibi
327 2578 500 2636 nominatur.

213 2672 248 2736 Q.
270 2672 350 2744 Quot
368 2691 461 2730 ramos
480 2671 650 2749 praecipuos
671 2672 776 2732 arteria
794 2671 921 2731 axillaris

172 2766 298 2824 emittit?
874 2762 882 2768 ’

209 2861 246 2918 R.
267 2860 379 2920 Arteria
392 2861 519 2920 uuilluris
534 2859 690 2920 thoracleas
704 2862 765 2921 sive
778 2882 918 2920 mamma·

170 2954 225 3013 rias
249 2963 380 3014 externas
402 2956 517 3026 emittit,
547 2978 621 3038 quae
644 2957 802 3036 glandulis,
826 2955 919 3034 adipi,
