2000 3450
249 276 428 323 ιιιιιοιιιοι
448 278 588 323 errarem.
749 273 788 334 47

44 414 171 486 quatuor
182 404 261 465 inter
272 425 304 465 se
322 404 478 485 conjuncta
495 404 640 467 medullam
658 404 788 491 oblonga-

43 512 100 560 lam
113 502 306 561 constituunt

44 706 99 750 nae
111 695 201 750 eunt?

83 784 122 844 R
140 786 272 865 Corpora
290 782 450 856 albicantia,
470 804 545 863 pone
568 785 681 858 Tarini,
704 788 789 846 luber

44 879 193 951 annulare,
207 877 335 939 medulla
347 876 510 958 oblongata,
530 899 650 960 corpora
662 882 788 960 pyrami·

44 974 119 1033 delia
133 985 164 1034 et
176 973 304 1036 olivaria.
788 998 790 1001 ’

82 1068 119 1135 Q.
139 1068 201 1127 Die
212 1065 308 1125 mihi
299 1085 330 1125 ιιι
344 1067 445 1128 ordine
458 1069 495 1127 (le
508 1067 553 1126 his
567 1070 720 1129 omnibus?

83 1164 120 1226 R.
143 1163 180 1221 ln
191 1161 254 1221 basi
274 1162 383 1221 cerebri
402 1164 479 1221 inter
497 1162 578 1220 lobos
597 1163 659 1241 ejus
678 1165 787 1223 medios

45 1254 176 1317 videmus
209 1274 325 1335 corpora
358 1255 508 1317 albicantia
534 1257 595 1314 sive
620 1257 788 1317 eminentias

44 1351 256 1421 mammillares,
270 1372 344 1429 qnae
357 1371 474 1423 crurum
485 1349 603 1410 fornicis
612 1351 788 1412 anteriorum

46 1455 174 1504 extrema
185 1441 331 1503 ridentur.
371 1445 452 1523 lnter
470 1443 542 1504 haec
560 1454 590 1504 et
608 1463 692 1504 crura
710 1464 787 1506 cere-

46 1538 89 1596 bri
100 1546 146 1598 ent
156 1558 231 1618 pons
246 1538 347 1598 Tarlnl
359 1539 518 1599 substantia
527 1537 648 1610 cinerei,
662 1540 713 1618 qui
722 1559 788 1618 par.

47 1630 97 1691 tim
110 1632 242 1692 fundum
254 1632 407 1693 ventriculi
418 1633 497 1692 tertii
510 1633 588 1691 facin
627 1633 687 1692 Ubi
705 1654 788 1693 cmm

47 1728 155 1788 cerebri
168 1739 200 1789 et
211 1727 343 1789 cerebelli
357 1728 543 1798 conveniunt,
563 1728 640 1786 luber
653 1730 788 1789 annulare

48 1824 105 1881 eive
115 1843 188 1904 pons
204 1824 310 1884 Varolii
321 1824 353 1882 in
366 1822 551 1882 excavatione
563 1821 634 1878 oseis
654 1820 788 1898 sphenoi.

47 1917 102 1988 (lei,
128 1928 160 1978 et
182 1919 331 1997 processis
352 1916 539 1978 cuneilormie
560 1913 690 1993 occipitia
716 1916 788 1980 ritus

48 2022 96 2071 est.
136 2015 171 2074 A
195 2014 298 2073 tubere
319 2011 452 2072 annulari
478 2010 516 2070 ad
541 2009 670 2068 foramen
695 2029 788 2090 usque

48 2123 185 2187 magnum
199 2107 317 2167 medulla
330 2106 475 2187 oblongnln
494 2104 652 2176 descendit,
673 2114 788 2185 etpost

48 2202 107 2290 ejm
120 2222 271 2283 egressum
283 2224 300 2262 e
313 2203 411 2262 cranio
423 2201 541 2261 medulla
560 2199 676 2279 spinalis
693 2202 787 2261 nomi-

46 2307 140 2370 natur,
160 2319 236 2376 quae
255 2298 383 2357 canalem
406 2296 601 2356 vertebrarum
620 2295 717 2370 intrat
737 2298 789 2354 de·

46 2392 156 2452 rcendit
155 2390 367 2472 tandemque
358 2411 389 2449 ιιι
399 2388 663 2469 enudamequmam
673 2387 788 2448 desinit
811 2459 815 2478 .

48 2484 83 2543 ln
90 2486 244 2567 superficie
252 2485 395 2548 medullae
404 2485 574 2565 oblongatne
584 2491 708 2563 quatuor
717 2502 787 2541 em1

46 2584 160 2641 nentine
172 2591 251 2655 runt,
261 2581 377 2652 seilicet,
389 2579 502 2641 media
493 2600 525 2638 ιιι
533 2587 615 2660 parte
623 2577 694 2635 duae
692 2595 787 2670 pyra.

46 2676 158 2736 nidulos
156 2676 342 2758 ,quorumin
352 2686 474 2756 utroque
481 2673 570 2735 latere
579 2676 650 2733 duae
663 2661 787 2738 olivam.

83 2772 119 2841 Q„
140 2772 258 2847 Quibus
269 2774 356 2833 rebus
374 2771 430 2833 hae
448 2781 545 2852 partes
565 2769 659 2830 variae
678 2770 788 2832 cerebri

47 2875 74 2928 el
84 2865 244 2928 cerebelli
235 2886 266 2927 ιιι
279 2865 444 2927 oeconomia
456 2863 599 2925 animali
585 2865 767 2926 inserviunt?

83 2962 121 3024 R
142 2959 328 3043 Quibmlam
352 2960 463 3044 placuit
486 2978 573 3023 urum
598 2951 688 3023 alium
711 2951 788 3040 parti
