2000 3450
325 261 365 301 nn
380 228 583 305 unsrununni.
770 248 824 306 165

20 386 21 401 ¹
77 385 379 464 jungitur31aminae
401 388 463 464 ejus
486 388 555 445 hine
578 397 608 445 et
627 388 706 446 illino
725 370 829 447 arcumn

81 482 137 537 ooli
150 480 318 549 includunt,
332 482 453 558 tumque
466 482 542 539 inter
554 500 585 539 se
597 484 824 560 conjunguntur,

80 586 115 632 ut
129 574 308 632 meso-colon
328 577 513 645 constituant,
534 576 612 653 quod
631 577 714 634 colon
733 577 774 634 ibi
793 578 825 632 in

82 669 142 725 ritu
154 667 272 725 retinet.

20 826 21 829 Ἴ
123 761 160 825 Q.
181 761 263 832 Quid
280 771 323 819 eat
336 772 468 821 omentum
482 766 621 824 celicum?

121 854 161 933 R,
176 855 338 914 Omentum
344 857 465 916 celicum
473 879 510 917 ex
519 880 585 919 arcu
597 860 653 918 coli
663 869 825 919 transverso

83 949 266 1008 dextrorsum
285 951 385 1021 oritur,
405 955 489 1010 cunei
501 955 593 1012 forma
606 954 763 1026 deseendit,
777 972 825 1012 ce·

83 1044 199 1121 pitique
210 1063 294 1103 caeco
307 1046 362 1103 coli
374 1046 517 1107 adhaeret.

123 1137 159 1202 Q.
181 1139 242 1197 Ubi
254 1149 298 1197 eat
309 1140 437 1198 foramen
450 1142 487 1198 de
500 1142 662 1202 Winslow?
769 1210 774 1219 ,

123 1235 162 1292 R.
184 1235 263 1291 Pone
276 1253 342 1292 vasa
354 1254 468 1312 magna,
482 1255 556 1312 quae
569 1237 678 1294 intrant
690 1236 721 1293 in
731 1239 823 1314 jecur,

83 1330 212 1387 foramen
226 1327 263 1386 de
275 1328 416 1387 Winalow
435 1340 488 1400 est,
508 1330 588 1410 quod
607 1330 639 1388 in
658 1349 772 1391 saccum
791 1328 826 1389 od

85 1423 176 1480 menti
190 1423 267 1482 viam
279 1424 379 1500 aperit.
403 1477 410 1487 ,

125 1516 159 1582 Q.
174 1516 230 1573 Cui
241 1516 308 1575 usui
321 1526 468 1578 omentum
481 1521 622 1593 inservit?

123 1610 161 1667 R.
187 1608 346 1668 omentum
372 1612 450 1670 inter
471 1614 591 1671 laminas
618 1634 682 1672 suas
709 1633 822 1691 semper

20 1751 21 1772 1
86 1704 209 1783 adipem,
221 1703 366 1764 interdum
376 1706 493 1784 quidem
503 1707 670 1784 plurimum,
684 1708 821 1775 eontinet,

86 1800 136 1875 qui
158 1818 176 1856 e
197 1799 309 1857 cellulis
332 1800 459 1858 exedens
480 1801 589 1858 viscera
610 1800 741 1868 lubricat,
765 1819 824 1875 quo

86 1891 181 1948 minus
193 1892 270 1949 iuter
282 1910 313 1951 ee
322 1892 503 1963 adhaereant,
518 1893 565 1951 ve'l
574 1893 687 1971 injuriis
698 1891 823 1958 externis
867 1925 871 1932 ·

88 1984 252 2042 afficiantur.

325 2325 365 2365 ΒΕ
379 2325 584 2370 ttttsttttnttluo.

125 2470 161 2535 Q.
181 2469 262 2540 Quid
275 2479 319 2528 est
331 2472 554 2530 mesenterium?

86 2623 90 2629 ,
125 2565 162 2623 R.
182 2565 391 2623 Merenterium
407 2567 572 2642 peritonaeo
584 2566 739 2624 formatum
753 2584 769 2622 e
782 2566 825 2647 la·

88 2657 173 2716 minio
180 2659 293 2716 duabus
302 2668 424 2728 constat,
435 2680 507 2738 quas
517 2659 674 2718 substantia
684 2658 824 2717 cellularia

89 2750 200 2810 interae
208 2752 367 2830 conjungit,
380 2752 682 2829 telamqueconstituit
691 2753 825 2830 pulcher·

89 2843 199 2912 rimam,
214 2864 288 2922 quae
300 2845 378 2921 apud
388 2845 475 2902 finem
489 2845 616 2903 duodeni
629 2846 739 2924 incipit,
753 2848 826 2907 obli·

88 2939 142 3013 que
161 2938 342 2996 dextrorsum
362 2939 539 2997 descendens
559 2939 694 2999 flexiones
714 2941 826 2999 intesti-
