2000 3450
154 311 211 366 282
275 324 313 362 uu
327 322 481 363 vuelcums
495 319 710 372 sentientium,
725 306 797 362 δια,
822 351 824 354 .

154 449 219 507 culo
231 446 403 525 spermatico
417 445 579 503 involutum
598 446 736 513 ascendit,
756 456 841 522 atque
859 446 893 503 in

152 541 295 599 abdomen
314 559 366 617 per
385 541 524 597 annulum
544 540 653 616 obliqui
672 539 783 597 externi
796 539 897 615 ingre:

152 634 240 704 ditur,
268 634 373 692 deinde
401 644 482 691 extra
506 634 702 710 peritonaeum
725 634 756 692 in
785 633 895 710 pelvim

152 728 311 798 descendit,
331 728 481 803 tenditque
495 727 635 785 cervicem
647 728 757 784 vesicae
778 746 894 795 versus;

155 832 242 900 atquo
255 843 321 881 cum
339 823 429 879 ductu
448 820 589 878 vesiculae
608 821 752 877 seminalis
771 822 896 898 conjun-

154 920 276 997 gituret
289 918 451 996 paulopost
463 917 494 974 in
505 918 637 975 urethrae
650 918 765 974 initium
776 917 893 977 desinit.

196 1014 229 1080 Q.
250 1013 307 1070 Dic
319 1013 391 1069 mihi
400 1013 481 1069 situm
494 1012 673 1069 veneciarum
685 1012 882 1069 seminalium?

193 1107 231 1164 R.
243 1107 313 1163 Illae
321 1118 378 1163 tres
387 1106 491 1182 digitos
499 1115 673 1163 transversos
680 1105 791 1181 longae,
801 1125 894 1164 unum

154 1201 237 1270 lutae,
256 1200 332 1258 inter
348 1200 472 1257 vesicam
491 1210 521 1256 et
539 1191 708 1257 intestinum
726 1210 837 1256 rectum
853 1201 894 1257 si·

155 1303 210 1364 tte,
229 1305 311 1370 parte
328 1294 468 1351 anteriore
481 1307 668 1367 convergunt,
681 1293 836 1367 posteriore
848 1313 895 1349 re·

156 1388 272 1457 cedunt,
286 1407 338 1464 per
348 1387 536 1446 substantiam
548 1385 711 1443 cellularem
722 1386 829 1443 vesicae
840 1387 894 1444 ad.

155 1480 281 1538 haerent.

195 1574 229 1638 Q.
250 1573 310 1631 Dic
333 1573 404 1630 mihi
426 1572 513 1631 etiam
531 1581 698 1630 structurum
716 1572 892 1632 vesicularutn

153 1666 355 1726 seminalium?

195 1762 233 1821 R.
253 1762 388 1820 Vssicula
409 1761 559 1839 utriusque
580 1761 676 1819 lateris
698 1761 756 1819 huc
774 1771 804 1820 et
823 1762 895 1821 illuc

157 1855 241 1915 valde
264 1857 416 1914 convolute
435 1867 486 1924 est,
512 1857 670 1913 substanti&
691 1856 818 1914 cellulari
837 1858 893 1914 cir-

156 1949 289 2018 cundata,
310 1948 386 2006 intus
399 1948 498 2006 villosa
511 1948 687 2027 cellulasque·
695 1950 808 2018 format,
821 1949 895 2007 duc·

155 2056 220 2100 tum
241 2044 354 2113 emittit,
376 2045 425 2119 qui
445 2063 475 2099 se
494 2044 556 2100 vasi
574 2043 713 2101 deferenti
723 2045 824 2122 jungit
840 2063 895 2119 per

154 2135 321 2212 glandulam
335 2148 488 2211 prostatam
507 2137 621 2212 oblique
640 2139 790 2214 percurrit,
809 2148 839 2196 et
858 2158 896 2195 u-

146 2241 258 2317 troque
271 2230 359 2286 latere
372 2230 473 2304 capitis
485 2230 706 2306 galliuaginisiu
718 2232 896 2308 principium

155 2323 289 2380 urethrae
302 2323 450 2379 humorem
464 2342 548 2378 suum
562 2324 697 2382 infundit.

195 2417 232 2481 Q.
254 2417 328 2493 Quis
348 2415 419 2472 situs
439 2427 493 2484 est,
519 2429 549 2472 et
571 2429 715 2476 structum
739 2420 894 2497 glandulae
922 2433 924 2436 '

154 2510 322 2589 prostatus?

195 2607 232 2663 R.
256 2603 396 2663 Glandula
405 2612 531 2682 promea
546 2606 685 2664 cervicem
700 2608 818 2679 vesicae,
837 2612 897 2669 ini.

153 2698 287 2773 tiumqus
299 2697 439 2766 urethrue,
451 2699 550 2774 cingit,
564 2710 686 2776 utroque
696 2701 783 2758 latere
792 2702 896 2764 lobum

155 2790 270 2858 emittit,
290 2792 469 2872 formamque
488 2792 582 2848 cordis
600 2806 792 2869 repraesentat
811 2800 895 2875 apice

155 2879 300 2939 urethram
314 2902 412 2941 versus
424 2885 535 2961 posito:
557 2887 709 2965 spongiosu
728 2889 893 2952 humorem-
