2000 3450
186 229 239 291 168
433 247 473 286 na
487 247 666 289 snaucsuna

182 387 211 434 et
223 372 384 451 infrafoasa
394 371 627 431 estambila'colis:
646 375 737 433 sulcus
746 384 919 443 transuersas

179 470 240 553 sive
257 468 333 524 aiam
348 475 494 543 portarum
515 476 559 523 est
577 467 652 523 inter
664 467 794 527 lobulum
806 492 919 550 anony.

177 583 259 620 mum
272 562 338 619 ante
351 560 540 637 lobulumque
554 559 674 638 Spigelii
691 567 767 640 pone
783 585 801 622 a
813 565 918 625 dextro

177 656 214 714 ad
231 654 379 713 sinistrum
397 654 497 711 lobum
520 655 704 713 transversim
726 657 798 715 situs
805 681 815 728 3
828 662 918 737 fossa

177 750 237 808 sive
250 749 355 807 canalia
368 767 451 806 venae
470 767 554 806 cavae
571 757 615 806 est
633 748 708 806 inter
725 748 826 809 lobum
845 753 918 810 dex.

96 904 102 911 ,
178 858 257 904 trum
270 841 442 903 etlobulum
456 840 598 921 Spigelii·
618 841 694 899 inter
712 842 854 903 lobum'
831 847 917 904 smis-

176 954 255 1001 trum
277 934 465 1013 lobulumque
486 936 608 1014 Spigelii
615 937 701 1044 fossa
722 939 917 1017 interponitur

179 1034 274 1094 άυοίιῖι
287 1032 386 1091 venosi.

219 1130 253 1197 Q.
274 1128 354 1200 Quot
362 1126 518 1204 hgamenta
530 1125 618 1184 habet
626 1127 730 1204 Jecur?

216 1226 253 1284 R.
274 1221 421 1298 Quinque,
435 1219 581 1288 nimirum,
596 1219 786 1297 ligamentum
798 1242 915 1281 corona.

177 1321 262 1387 rium,
296 1316 387 1373 latum
413 1314 475 1370 sive
494 1314 717 1390 suspensorium,
746 1306 914 1403 rotundum,

176 1412 321 1480 dextrum,
336 1419 365 1465 et
378 1408 535 1465 sinistrum.
614 1411 617 1418 '
905 1480 909 1497 ἱ

217 1506 251 1572 Q.
272 1501 408 1576 Quibus
398 1520 430 1558 ιιι
439 1501 510 1559 locis
522 1500 572 1558 illa
582 1502 738 1579 ligamenta
750 1509 838 1564 sunt?

215 1602 253 1658 R.
273 1597 467 1675 Ligamcntam
479 1596 652 1654 coronarium
671 1609 781 1674 partem
799 1599 912 1676 hepatia

175 1692 378 1755 crassissimam
398 1689 511 1748 tendini
532 1688 756 1769 diaphragmatis
775 1713 825 1772 per
844 1696 914 1754 sub-

96 1790 110 1797 ’
174 1773 308 1850 stantiam
323 1786 488 1845 cellularem
507 1787 668 1863 conjungit.
708 1788 915 1865 Ligamentum

174 1869 258 1945 lotam
272 1883 332 1941 sive
344 1879 548 1959 suspensionum
559 1899 576 1937 a
586 1880 801 1959 diaphragmate
813 1894 843 1941 et
852 1905 914 1943 car-

173 1978 294 2056 tilagine
311 1974 459 2033 ensiformi
477 1974 515 2031 ad
533 1983 645 2051 partem
664 1975 775 2053 hepatis
793 1980 913 2054 gibbam

172 2070 371 2149 proficiscitur,
389 2068 546 2173 lobumque
563 2069 696 2127 dextrum
709 2072 725 2127 a
739 2070 853 2129 sinistro
865 2073 912 2130 di.

173 2165 261 2233 ducit,
281 2161 385 2220 deinde
400 2162 519 2238 vaginae
532 2163 655 2221 musculi
667 2165 738 2222 recti
750 2165 912 2232 abdominis

173 2259 267 2319 dextri
279 2257 437 2315 adhaerens
449 2256 565 2333 oblique
577 2258 615 2315 ad
631 2258 802 2317 umbilicum
819 2280 913 2338 usque

174 2353 330 2415 descendit.
370 2352 575 2429 Ligamentum
597 2352 787 2422 rotundum,
777 2373 809 2410 ιιι
831 2356 912 2413 foetu

172 2462 268 2509 autem
281 2466 355 2505 vena
367 2445 574 2515 umbilicalis,
566 2466 596 2502 ιιι
609 2444 803 2522 duplicatione
815 2459 913 2525 poste·

171 2546 246 2603 riore
260 2553 289 2600 et
302 2540 434 2597 inferiore
446 2540 597 2620 ligamenti
605 2539 656 2597 lati
668 2540 756 2597 situm
769 2552 819 2599 est.
860 2542 911 2599 Li.

145 2629 148 2634 ¹
171 2647 338 2718 gamentum
353 2637 474 2693 deutrum
483 2633 692 2712 diaphragmati
700 2633 798 2692 lobum
805 2621 912 2711 jecoris
973 2641 983 2654 ⁸

172 2731 322 2801 ‹lextrum;
343 2726 532 2807 ligamentum
545 2729 685 2786 sinistrum
699 2729 797 2787 contra
811 2729 911 2789 lobum

171 2823 317 2881 sinistrum
331 2822 482 2881 connectit.
799 2809 801 2817 ¹
856 2835 874 2904 J

163 2991 184 3000 ..
212 2917 254 3003 Q.»
267 2918 371 2976 Nonne
384 2927 452 2980 sunt
465 2917 519 2977 alia
532 2917 709 2994 ligamenta?
883 2953 886 2960 ·
