2000 3450
260 265 300 306 nr
314 262 647 325 snunnnnresnnscrrs.
800 258 819 316 9

77 391 182 462 udare,
196 391 270 450 rasis
282 391 500 450 absorbentibus
512 392 543 449 in
556 390 724 469 sanguinem
737 402 819 449 rere·

77 485 123 555 lri,
136 486 299 565 iterumque
311 485 521 545 nutrimentum
529 483 819 564 corporiministrare,

80 578 273 638 existimatur.
298 576 304 587 “
709 624 720 637 .

124 673 158 739 Q„
179 672 294 751 Quibus
307 673 437 752 pertibus
448 671 576 750 eorporis
588 670 677 750 adeps
695 669 820 730 maxime·

79 766 233 826 obmdatr

16 906 17 911 1
123 856 162 919 R.
182 859 327 919 Plurimus
339 859 428 938 adeps
440 860 496 918 sub
508 869 583 928 rute,
597 859 628 917 in
641 867 766 928 omento,
785 876 819 916 ae

81 954 263 1023 mesenterio,
282 956 358 1014 eires
368 971 460 1023 renes,
479 942 511 1011 in‘
523 951 666 1023 mammis,
676 952 771 1030 genie,
789 961 819 1012 et

81 1046 193 1116 orbitis,
207 1047 361 1107 invenitur.

126 1138 161 1204 Q·
181 1140 240 1200 Ubi
253 1140 380 1219 corporis
392 1140 480 1219 adeps
493 1141 594 1200 deest?
882 1212 887 1220 .

125 1235 162 1293 R.
182 1235 218 1292 ln
229 1235 347 1293 cerebro
358 1234 448 1304 deest,
461 1245 490 1291 et
502 1233 657 1312 palpebris,
675 1232 820 1312 pulmoni·

16 1398 18 1409 7
83 1330 147 1398 bus,
161 1327 274 1406 hepate3
288 1328 395 1407 splene,
409 1325 537 1398 renibus,
550 1324 644 1386 scroto
656 1337 685 1387 et
697 1330 782 1405 pene.

122 1423 158 1489 Q.
180 1421 296 1495 Quibus
314 1418 479 1481 commodis
488 1422 579 1500 adeps
596 1422 628 1480 in
644 1424 764 1501 corpore
774 1416 819 1481 in·

82 1517 194 1577 servit?
799 1532 813 1566 v1

121 1611 159 1670 R.
181 1609 284 1687 Adeps
292 1618 396 1688 partes,
406 1610 457 1670 ubi
467 1610 558 1681 adest,
565 1610 687 1670 lubricat
691 1633 701 1682 ;
710 1618 819 1670 motus·

83 1723 140 1782 que
150 1722 248 1763 earum
262 1703 379 1781 expedit
386 1727 396 1776 3
410 1703 564 1762 interstitia
576 1722 691 1783 quoque
703 1712 818 1763 musen-

84 1798 175 1856 lorum
184 1797 326 1875 complet;
339 1797 520 1875 formamque
530 1796 580 1855 dat
588 1798 698 1874 corpori
708 1799 820 1875 egregi-

85 1911 138 1964 um,
151 1901 281 1961 teretem,
291 1900 321 1950 et
332 1891 419 1951 etiam
431 1890 571 1961 nitidam
584 1909 708 1969 vasaque
726 1899 820 1949 tener·
853 1881 855 1886 ⁴

83 1986 155 2044 rima
167 1985 299 2055 sustinet,
312 1994 399 2063 atque
412 1986 449 2045 ab
461 1983 575 2063 injuriis
587 1984 661 2044 bene
671 1984 818 2046 defendit:

84 2090 239 2157 praeterea,
260 2079 469 2139 nutrimentum
485 2078 695 2155 quodammodo
707 2081 819 2158 eorpori

85 2173 277 2252 mppediture,
287 2173 372 2244 sicuti
384 2173 416 2231 in
428 2172 567 2242 febribus,
579 2171 699 2250 aliisque
710 2174 818 2235 morbis

85 2267 230 2328 debilitate
242 2277 370 2328 extreme
381 2265 522 2327 comitatis
534 2265 605 2337 fieri,
618 2265 740 2328 ridetur.

257 2492 298 2532 DE
310 2490 480 2532 obeundus
494 2489 644 2531 SBBACBlS·

125 2627 159 2695 Q.
179 2626 240 2687 Ubi
251 2625 404 2705 glandulae
415 2627 549 2686 sebaeeue
561 2625 631 2684 sitae
644 2627 731 2684 sunt?

122 2722 159 2779 R.
182 2722 244 2781 Sub
256 2731 321 2779 cute
333 2741 401 2781 veru
412 2722 443 2779 in
456 2721 622 2779 membrana
634 2719 759 2778 cellulari
780 2721 817 2778 si-

86 2823 129 2871 tae
142 2825 219 2885 sunt,
239 2834 402 2893 nomenque
413 2815 449 2874 iis
462 2813 628 2891 impositum
641 2813 747 2873 habent
764 2814 818 2872 bu·

88 2924 173 2977 more,
193 2928 280 2986 quem
297 2910 455 2967 continent
495 2907 651 2986 Pleraeque
669 2927 766 2968 earum
786 2906 817 2963 in
888 2911 892 2920 '
