2000 3450
142 272 202 326 200
379 283 420 323 ou
434 282 642 324 concocrronr
676 250 681 257 ’

183 410 218 475 Q.
240 406 321 481 Quid
334 406 406 465 dicis
419 406 456 465 de
468 408 560 466 colore
572 406 788 466 concoctionem
799 411 888 468 effici.

141 511 231 566 ente?

182 603 221 660 R.
239 599 323 659 Calor
343 597 469 675 corporis
488 600 565 657 certe
582 599 740 675 plurimum
760 597 830 655 facit
848 596 889 655 nd

143 694 336 753 ventriculum
349 691 380 749 in
393 692 443 748 tali
462 693 638 762 conditione,
658 693 774 770 qua'lem
791 692 888 760 decet,

142 787 311 856 tenendum,
326 795 359 843 ut
366 786 529 843 functiones
538 806 602 844 suas
612 788 666 845 rite
679 799 709 845 et
718 786 890 844 naturaliter

143 883 289 962 perficiat:
310 880 416 956 frigida
433 879 513 936 enim
530 881 621 938 nimia
639 883 671 939 in
690 880 889 939 ventriculum

143 978 267 1036 demissa
289 974 503 1033 concoctionem
522 976 669 1045 minuunt,
694 975 818 1042 tardant,
840 973 888 1030 vei

143 1071 316 1150 impediunt.
357 1070 443 1129 Calor
465 1081 563 1128 autem
582 1073 765 1148 nequaquem
780 1087 837 1145 per
856 1087 888 1124 se

142 1168 224 1226 cibos
236 1167 268 1223 in
281 1163 442 1223 ventriculo
461 1182 638 1239 concoquere
658 1173 762 1240 potest,
781 1162 890 1220 nihilo·

143 1262 239 1320 mimir
251 1250 419 1337 processum
430 1257 509 1315 haud
523 1258 623 1334 parium
634 1258 761 1334 adjuvat.

184 1357 220 1420 Q.
240 1353 321 1426 Quid
334 1352 406 1410 diois
419 1351 457 1408 de
469 1351 620 1428 agitatione
629 1361 659 1409 et
668 1352 770 1409 {ritmo
778 1351 808 1407 in
817 1370 889 1408 con·

142 1449 304 1507 coctionem
317 1443 464 1522 gerendo?

99 1528 107 1533 ’
131 1598 133 1604 ,
184 1544 221 1601 R.
242 1539 373 1618 Agitatio
393 1541 469 1597 certe
488 1539 647 1597 necessaria
665 1552 719 1609 est,
739 1549 773 1597 ut
787 1538 843 1596 cibi
856 1549 887 1596 et

143 1635 230 1717 potus
242 1634 319 1693 inter
329 1654 359 1692 re
367 1634 441 1691 bene
449 1632 624 1692 misceantur
627 1657 637 1704 3
651 1654 801 1711 nunquam
810 1635 888 1702 vero,

143 1735 251 1796 auxilio
263 1733 350 1793 etiam
367 1732 531 1803 triturandi,
546 1734 762 1792 concoctionem
778 1736 891 1793 efficere

144 1830 278 1910 potuerit.

185 1923 219 1989 Q.
235 1921 316 2000 Quid
325 1922 362 1979 de
360 1921 578 2000 fermentatione
586 1921 615 1977 in
626 1921 787 1979 ventriculo
800 1922 891 1981 dicis?

182 2018 220 2074 R.
240 2017 389 2074 Alimenta
401 2017 433 2073 in
450 2016 644 2073 ventriculum
663 2016 788 2073 demissa
807 2018 891 2075 brevi

144 2119 258 2187 tempor
294 2108 417 2168 calorem
437 2110 573 2179 eundem,
593 2128 626 2168 ac
642 2110 753 2186 corpori
767 2122 822 2179 est,
842 2132 891 2169 ac·

142 2204 272 2283 quirunt,
289 2213 320 2261 et
331 2202 372 2261 ibi
385 2204 472 2260 modo
484 2204 622 2281 peculiari
635 2214 664 2261 et
676 2204 772 2284 adhuc
784 2206 890 2281 paritur

143 2298 260 2376 cognito
272 2296 462 2355 mutationem
471 2299 605 2366 subeunt,
615 2309 645 2356 et
652 2298 676 2353 si
684 2308 815 2373 tempore
825 2299 889 2357 ido-

144 2413 200 2453 neo
213 2391 322 2450 diutius
331 2391 438 2469 jacent,
458 2401 522 2448 tum
535 2392 769 2449 fermentescunt.

183 2490 218 2553 Q.
239 2486 394 2558 Quomodo
412 2485 485 2542 mihi
502 2486 623 2566 probare
636 2496 718 2561 potes
730 2486 890 2546 fermenta.

141 2583 251 2640 tionem
264 2580 326 2639 fieri
339 2580 370 2637 in
383 2581 565 2639 ventriculo?

122 2715 125 2719 ι
179 2676 217 2732 R.
236 2677 315 2747 Quia
328 2675 406 2733 idem
419 2675 505 2744 calor,
526 2695 613 2753 quem
627 2676 703 2733 intra
716 2695 822 2756 corpus
835 2678 888 2735 ali.

139 2776 237 2823 menta
249 2770 402 2847 recipiunt,
416 2789 450 2827 ea
462 2770 682 2827 fermentescere
690 2781 771 2827 extra
779 2789 886 2848 corpur

138 2858 259 2918 faceret:
281 2873 311 2921 et
324 2854 479 2941 praetereo,
501 2864 644 2947 dolor-vel
664 2865 795 2924 molestia
816 2885 885 2924 vcn-
