2000 3450
315 210 354 251 nn
368 209 534 252 inrssrruo
548 211 623 273 rino.
782 205 837 266 193

100 324 251 397 innumera
269 335 431 412 conspicue,
456 334 548 393 format
568 336 709 408 villorum,
733 339 836 418 incipi.

99 444 160 503 unt,
180 431 396 510 plurimumque
415 428 494 505 chyli
507 430 640 507 jamjam
652 432 766 491 formati
784 436 835 495 ab·

98 528 222 586 sorbent.

137 620 171 686 Q.
187 621 243 678 Cui
251 620 316 677 usui
324 615 484 678 inserviunt
492 618 623 678 valvatae
631 619 834 681 conniventes?

133 714 171 771 R.
192 712 378 790 superficiem
391 711 592 771 intestinorum
605 713 747 771 internum
759 716 834 772 mul·

97 818 128 865 to
142 806 309 884 ampliorem
329 805 462 876 reddunt,
483 828 542 885 quo
560 807 753 866 extremitates
772 809 833 867 sive

31 890 32 913 ³
96 899 177 957 initia
196 918 327 957 vasorum
346 899 503 958 lacteorum
521 901 552 958 in
572 910 735 959 contactum
753 902 832 979 chyli

95 992 205 1050 ircilids
219 993 343 1051 veniant.
382 991 521 1052 anrulee
536 995 726 1053 conniventes
744 998 831 1055 etiam

94 1110 216 1149 massam
228 1090 434 1149 climenturiam
454 1092 485 1150 in
503 1092 565 1169 ejus
577 1093 715 1151 descensu
728 1094 830 1170 paulu-

94 1185 153 1242 lrim
167 1183 281 1242 tardent
299 1183 529 1262 impediuntque,
549 1196 583 1243 ut
601 1185 746 1243 concoctio
764 1205 830 1261 per-

93 1276 264 1346 sentierint,
284 1285 314 1334 et
325 1276 415 1333 lactea
426 1277 464 1335 ad
481 1277 600 1354 chylum
618 1276 829 1338 absorbendum

27 1382 28 1401 ¹
95 1370 161 1428 tetis
172 1369 453 1446 temporishabent.

305 1689 345 1730 ns
358 1689 522 1736 lnnnsrtno
536 1689 612 1730 intro.

100 1871 103 1880 ’
131 1867 165 1933 Q.
186 1866 268 1936 Quae
280 1866 432 1943 praecipue
444 1864 551 1934 depileo
563 1864 689 1922 notando
701 1867 789 1925 sunt?

128 1961 167 2018 R.
189 1960 283 2018 ileum
295 1959 398 2037 incipit
411 1959 462 2017 ubi
470 1959 605 2038 jejunum
619 1957 732 2028 desinit,
745 1960 827 2019 iocus

90 2047 157 2111 vero
170 2053 271 2131 partim
283 2055 412 2112 accurate
424 2052 579 2122 definitnr;
592 2051 681 2111 ileum
689 2055 825 2113 tamenin

88 2147 229 2206 diametro
240 2146 336 2204 min'ns
349 2155 379 2205 et
388 2146 490 2224 jejuno
501 2145 636 2225 pallidius
645 2156 688 2205 est
695 2170 705 2217 3
726 2147 826 2207 valvn-

87 2240 130 2299 les
143 2240 329 2301 conniventes
341 2242 488 2316 panciores
497 2244 584 2319 atque
596 2240 748 2310 breviores,
763 2243 825 2298 vix·

48 2335 52 2341 ’
88 2354 146 2413 que
159 2334 276 2393 undem
289 2334 456 2412 conspicuas
468 2335 564 2406 habet,
584 2337 675 2413 eoque
692 2354 758 2392 vass
767 2335 825 2392 lac-

87 2440 135 2488 tet
154 2427 240 2487 etiam
258 2427 410 2506 panciore3
432 2427 470 2486 nd
489 2427 599 2505 purtem
620 2446 718 2484 versus
736 2425 825 2483 imam

87 2532 189 2584 tamen-
197 2523 349 2600 glandulas
361 2541 526 2581 numerosas
543 2520 747 2597 evidentesque
759 2538 824 2577 mu-

86 2634 155 2675 cum
169 2625 349 2684 secernentes
362 2615 499 2673 continet.

126 2709 162 2774 Q
183 2708 250 2780 Qua
262 2709 294 2767 in
313 2708 429 2787 regione
449 2706 609 2767 abdominis
628 2706 717 2764 ileum
736 2706 824 2766 situm

85 2807 154 2863 est?
652 2801 655 2808 ’

127 2898 167 2956 R.
183 2897 275 2957 ileum
288 2898 321 2959 in
333 2898 413 2957 sinus
425 2898 483 2957 huc
495 2897 564 2958 illuc
578 2896 761 2957 vehementer
769 2894 823 2952 im·

421 2997 434 3036 s
