2000 3450
170 274 223 332 172
354 284 393 324 na
408 282 557 323 uncrinus
571 281 719 322 ornianus.

166 410 367 478 folliculorum,
381 408 432 485 qui
445 427 572 478 mucum,
586 419 619 465 ut
631 408 760 465 tunicam
772 406 902 464 intimam

165 524 183 560 a
195 504 312 561 stimulo
317 498 390 561 'bilis
402 502 549 569 defendat,
563 511 723 559 secernunt.

206 599 241 664 Q.
262 598 367 658 Nonne
377 597 497 656 ductum
511 597 635 654 vesicula
647 595 722 654 fellis
735 595 842 655 habet?

204 693 242 750 R.
263 692 366 751 Cervix
381 690 522 748 vesiculae
534 689 608 746 fellis
625 681 814 766 retorquetur,
835 692 904 749 dein

165 787 272 867 ductam
285 787 413 864 cystim
428 785 543 852 emittit,
564 784 615 860 qui
632 803 700 842 mox
717 785 839 842 ductum
852 786 905 842 he·

164 881 292 957 paticum
307 880 415 957 jungit,
435 879 614 955 ductumque
633 895 816 936 communem
834 879 904 937 cho-

164 972 316 1032 ledochum
328 973 485 1030 constituit.

204 1067 239 1132 Q.
260 1067 320 1126 Ubi
332 1067 428 1125 ductas
446 1067 592 1125 calamonis
608 1066 785 1123 cbokdoclms
803 1067 902 1124 termi-

164 1165 236 1219 nat?

202 1255 240 1314 R.
261 1256 315 1314 llle
334 1257 438 1315 duntus
457 1275 533 1333 pone
552 1253 722 1313 intestinum
735 1255 907 1314 duodenum·

85 1344 88 1349 ⁴
163 1368 300 1426 procrees
313 1370 412 1409 versus
425 1349 583 1418 descendit,
597 1358 627 1406 et
639 1347 754 1424 oblique
767 1349 841 1406 inter
853 1360 903 1406 tu-

163 1443 258 1501 nicam
271 1443 398 1501 duodeni
411 1444 602 1501 musculosam
615 1452 644 1500 et
658 1441 787 1499 intimem
800 1444 901 1520 ibique

162 1555 212 1594 ore
224 1546 323 1613 aperto
332 1538 363 1594 in
379 1537 513 1595 duodeno
525 1537 668 1594 terminat.
698 1574 701 1579 »

203 1629 238 1695 Q.
251 1632 299 1688 Au
310 1629 440 1689 fluidaee
455 1630 629 1688 duodenoin
642 1631 762 1689 ductum
771 1649 899 1688 commu-

163 1743 230 1782 nem
240 1725 353 1802 ingredi
366 1728 509 1803 possunt?
578 1731 581 1735 ’

201 1820 240 1877 R.
260 1820 340 1878 Finis
353 1820 457 1878 ducitis
469 1821 510 1878 ita
521 1819 675 1877 fabricatus
688 1827 740 1890 est,
761 1827 795 1877 ut
812 1819 902 1878 bilem

162 1913 281 1971 eductu
294 1912 326 1971 in
338 1915 490 1973 cavitatem
503 1914 630 1972 duodeni
641 1913 731 1973 fluere
740 1914 815 1971 sinat
826 1938 835 1984 ς
856 1915 903 1972 ni·

161 2005 204 2062 bil
217 2009 284 2065 verb
296 2028 313 2065 e
326 2008 461 2067 duodeno
478 2008 644 2066 inductum
656 2009 795 2077 refluere‚·
813 2027 903 2084 prop·

161 2113 238 2157 terea
251 2102 330 2178 quod
342 2101 495 2177 obliquitas
515 2101 647 2160 introitus
664 2101 755 2160 officio
767 2100 900 2159 valvulae

48 2279 53 2288 ι
160 2193 351 2272 perfungitur.

166 2329 170 2336 ,
202 2286 237 2354 Q.
257 2291 340 2365 Quae
352 2289 460 2348 fabrica
474 2308 573 2347 eorum
583 2290 724 2348 ductuum
738 2292 804 2349 est?

200 2385 238 2442 R.
259 2384 373 2441 Ductus
391 2384 601 2441 membranacei
624 2392 709 2452 sunt,'
723 2402 901 2460 mucumque

159 2478 274 2536 tunicae
282 2478 358 2536 vasis
371 2477 507 2537 extremis
520 2478 649 2535 internae
662 2478 798 2548 enudant,
812 2498 869 2556 quo
881 2498 901 2536 a

159 2572 219 2630 bile
230 2573 423 2631 defendantur
432 2595 443 2644 ς
457 2571 487 2629 vi
496 2570 583 2631 etiam
592 2572 737 2629 resiliendi
745 2574 824 2632 haud
834 2587 901 2651 par-

160 2667 331 2741 vatpraediti
344 2686 405 2725 esse
418 2666 562 2725 videntur.

200 2759 234 2822 Q·
254 2760 312 2818 Dic
324 2761 396 2819 mihi
408 2761 493 2838 plene
506 2771 536 2819 et
547 2762 681 2820 distincte
693 2781 802 2820 cursam
815 2760 900 2818 bilis?

197 2851 236 2908 R.
256 2853 327 2909 Bilis
346 2854 375 2911 iu
395 2854 484 2912 acinis
503 2874 555 2930 per
567 2855 656 2933 hepar
669 2855 828 2913 innumeris
838 2853 898 2909 dis-

159 2945 250 3024 persis
263 2965 352 3004 venae
365 2958 463 3024 portae
476 2949 624 3025 hepaticae
636 2952 773 3009 extremis
781 2946 898 3007 ramulis
