2000 3450
195 274 250 326 222
398 281 436 321 nu
451 281 555 321 nuncu
570 279 727 320 uniuunn.

234 407 267 472 Q.
281 407 341 462 Cur
350 405 441 474 urina,
455 407 549 481 capite
565 396 696 461 deorsum
710 418 855 468 converso,
868 417 933 456 non

192 502 224 558 in
239 510 363 558 ureteres
373 497 486 556 influit?

231 593 271 651 R.
286 590 378 648 Urina
389 590 472 649 facile
485 591 516 647 in
529 591 652 648 vesicam
665 608 701 645 ex
713 587 877 651 preteribas
886 587 934 642 in-

121 733 123 736 ⁴
192 685 266 754 fluit,
286 685 337 744 sed
355 684 425 740 inde
443 685 537 742 redire
556 684 668 760 nequit,
689 680 757 757 quia
775 678 933 756 obliquitas

192 777 398 837 terminationis
411 796 511 836 eorum
525 777 616 833 officio
634 773 762 833 valvulae
782 773 934 852 perfungi·

109 911 112 918 -
193 880 249 929 tur.
271 900 275 907 -

326 1180 329 1187 ’
396 1185 436 1224 ns
450 1186 555 1226 VESlCA
569 1186 726 1226 uulunnln.

235 1343 269 1407 Q.
283 1342 340 1401 Dic
352 1340 422 1399 mihi
436 1342 524 1400 situm
535 1351 564 1399 et
573 1341 699 1416 positum
713 1339 822 1400 vesicae
835 1338 932 1399 urina·

194 1436 273 1493 riae?
871 1502 877 1514 .

232 1528 271 1585 Β.
284 1527 385 1583 Vesica
398 1527 490 1587 inanis
504 1528 535 1583 in
548 1528 632 1605 pelve
645 1530 699 1585 sita
711 1540 763 1598 est,
777 1546 864 1604 quum
877 1546 931 1583 au-

192 1631 252 1678 tem
266 1619 348 1677 utini
361 1619 486 1677 distenta
498 1621 529 1677 in
543 1608 690 1697 regionem
703 1618 932 1697 hypogasttieam

59 1751 65 1758 ·
103 1794 106 1798 ¹
193 1714 294 1793 surgit
334 1713 428 1772 Aliter
440 1714 471 1771 in
488 1713 557 1772 viris
569 1725 656 1792 atque
668 1714 700 1772 in
712 1713 844 1772 foeminis
856 1711 933 1789 poei-

184 1818 233 1877 aa,
246 1819 313 1865 nam
326 1809 357 1865 in
370 1808 427 1865 illis
437 1808 521 1883 juxta
533 1817 644 1865 rectum
654 1807 824 1865 intestinum
833 1818 886 1875 est,
900 1807 932 1863 in

193 1902 239 1958 bis
261 1904 329 1959 verb
349 1919 434 1978 super
452 1912 482 1957 et
499 1902 597 1977 potius
618 1914 684 1958 ante
706 1912 822 1958 uterum
841 1901 934 1977 posita

191 2004 246 2051 est.
285 1993 407 2051 Fundus
421 1995 483 2070 ejus
496 2013 563 2069 pars
575 2005 619 2052 est
627 1996 760 2071 superior
772 2006 802 2051 et
820 2003 934 2051 antror-

194 2086 258 2144 siim
271 2087 434 2156 inclinatus,
454 2088 565 2145 solutus
578 2100 664 2165 atque
683 2088 815 2145 liberior:
836 2088 935 2145 cervix

193 2178 272 2255 apud
293 2197 390 2237 arcum
411 2181 496 2257 pubis
514 2181 615 2257 posita,
636 2181 733 2238 itineri
751 2181 850 2238 urinae
872 2180 935 2238 aive

194 2271 484 2350 urethmajungitur,
505 2274 629 2349 quaein
649 2274 718 2331 viris
736 2274 884 2350 spatiosior
903 2286 937 2332 et

193 2368 381 2444 compressior
394 2367 425 2424 in
439 2367 545 2444 glande
557 2369 641 2443 penis
660 2368 804 2437 terminet,
823 2368 855 2424 in
873 2366 936 2425 lbe-

194 2461 281 2519 minis
294 2471 389 2520 autem
400 2460 514 2520 brevior
521 2471 551 2519 et
558 2461 670 2539 plenior
680 2477 806 2539 supraos
813 2459 935 2540 vaginae

34 2537 38 2552 ¹
96 2550 98 2554 ’
153 2554 371 2614 'seostendit

188 2671 196 2682 ·
234 2648 269 2713 Q.
290 2649 404 2719 Quibus
417 2648 487 2707 loeis
500 2649 595 2706 vesica
607 2650 792 2709 annectitur?

189 2753 193 2760 ⁴
231 2739 269 2796 R
299 2741 403 2799 Vesiea
423 2742 454 2799 in
473 2751 556 2817 parte
574 2741 716 2800 anteriore
734 2760 803 2800 com
821 2742 934 2801 ossibus

192 2831 343 2924 pubisper
355 2834 545 2894 substantiam
565 2835 737 2905 cellularum,
758 2835 789 2894 in
811 2847 934 2912 unoque

352 3005 374 3040 Ι
