2000 3450
180 215 234 275 156
344 233 384 272 nu
397 233 508 274 uunvis
521 232 742 275 cEvacfflws.

216 359 253 414 R.
274 346 384 416 Nervus
406 355 519 417 ceruicis
538 359 669 418 secundus
691 378 803 416 ramum
823 360 919 422 alium

71 517 73 522 ‚
177 464 300 528 utroque
320 453 412 510 ¹latere
435 452 542 511 emittit
563 453 600 511 ad
624 452 762 530 ganglion
787 455 918 514 medium

176 546 388 623 sympathetici,
408 546 497 606 alium
519 547 652 605 deorsdm
671 547 709 604 ad
728 549 845 607 tertium
862 570 919 627 pai·

176 641 295 699 cervicis
304 640 498 718 jungendum,
512 641 581 699 alios
593 642 712 718 exiguus
730 643 869 700 musculis
888 654 921 702 et

131 741 133 744 ’
177 753 267 793 nervo
279 735 434 793 accessorio
446 735 602 804 distribuit,
622 735 727 794 deinde
744 736 775 794 in
789 738 921 796 surculos

178 828 333 897 diducitur,
355 845 477 904 quorum
497 846 691 904 unusxarcum
710 849 776 888 cum
799 830 924 890 descen-

179 924 265 981 dente
284 921 354 978 noni
376 923 490 992 format,
511 923 583 981 alter
595 923 738 1001 originem
756 944 837 983 nervo
856 926 922 1002 dia-

174 1017 367 1096 phragmatico
379 1017 486 1094 partim
499 1017 559 1087 dat,
579 1026 644 1075 tum
662 1017 770 1076 surculi
789 1019 820 1076 iu
838 1038 923 1077 mus.

179 1111 250 1168 culis
263 1120 293 1168 et
304 1110 511 1189 integumentis
525 1112 739 1192 disperguntur.
943 1179 950 1189 ⁶

219 1205 253 1270 Q.
275 1208 358 1283 Quae
371 1214 415 1263 est
427 1205 592 1263 distributio
605 1207 749 1266 cervicalis
762 1207 863 1266 tertii?

218 1302 256 1358 R.
276 1298 513 1366 Nervus'cervicie
525 1300 622 1358 tertius
634 1300 696 1378 pari
716 1310 816 1378 quarto
835 1301 922 1360 deor-

181 1396 243 1453 sum
256 1394 399 1451 ramulum
412 1393 512 1461 mittit,
525 1394 614 1452 alium
627 1395 664 1452 ud
677 1413 797 1454 nervum
807 1397 921 1473 praeci.

176 1508 263 1566 puum
281 1488 548 1567 diaphragmuticum
567 1489 760 1561 formandum,
779 1490 866 1548 alium
879 1491 921 1548 ad

179 1583 317 1660 ganglion
330 1581 459 1638 medium
469 1581 681 1658 sympathetiei,
695 1585 821 1643 surculos
830 1584 922 1642 etiam

173 1680 299 1757 exiguos
311 1677 349 1736 ad
362 1676 584 1737 descendentem
597 1678 676 1750 noni,
697 1679 776 1738 etad
794 1698 923 1739 accesso·

180 1775 266 1844 rium,
283 1771 487 1851 jungendum
509 1771 657 1832 deindeiu
671 1774 807 1832 musculis
827 1783 856 1832 et
875 1774 924 1832 in-

181 1869 355 1945 tegumentis
367 1868 521 1927 evanescit.

212 1963 256 2028 Q.
276 1963 334 2020 Die
346 1960 418 2018 mihi
432 1961 504 2037 quid
516 1962 553 2020 de
566 1982 655 2022 nervo
674 1936 804 2023 eeivieali
817 1971 925 2040 quarto

180 2066 282 2113 notatu
295 2055 418 2131 dignum
431 2055 488 2114 sit?

173 2207 175 2213 ,
219 2151 257 2206 R.
277 2147 387 2206 Nervus
400 2149 513 2208 ceruicis
524 2161 638 2231 quartus
650 2151 792 2210 ramulum
801 2151 839 2209 ud
848 2170 924 2228 gan-

173 2244 261 2322 ‹gliou
273 2243 403 2301 medium
412 2245 625 2322 sympathetiei‚
639 2265 729 2303 unum
740 2246 786 2304 vel
799 2245 924 2305 alterum

173 2339 218 2415 ¹ad
230 2340 496 2417 diaphragmaticum
517 2340 711 2419 jungendum,
735 2340 840 2398 deinde
860 2358 924 2397 sese

182 2433 314 2510 cervicali
326 2434 429 2511 quinto
441 2434 575 2512 applicat.
625 2500 627 2504 ,

173 2584 176 2591 ,
221 2528 351 2600 QQnd
360 2529 397 2587 de
405 2529 572 2588 ulusnervu
582 2528 766 2588 eervicuhbus
776 2529 924 2587 observas?

220 2624 258 2680 R
278 2622 368 2680 Nervi
391 2622 502 2681 ceruicis
524 2624 612 2702 quinti
632 2622 741 2700 quartis
764 2621 923 2700 conjuncti,

182 2715 260 2782 sexti,
275 2725 304 2773 et
316 2717 434 2793 septimi,
456 2726 485 2773 et
494 2718 605 2794 primus
617 2718 704 2775 etiam
716 2717 801 2785 dorsi,
814 2716 922 2802 'paulu

183 2806 236 2865 tim
248 2809 364 2888 oblique
383 2811 571 2885 descendunt,
592 2822 621 2872 et
641 2813 866 2892 conjunguntur,
889 2809 921 2866 in
