2000 3450
320 210 468 273 nanninus
482 234 631 275 vitonum.
787 226 844 288 229

104 376 154 415 eus
167 355 305 434 paulatim
318 356 413 414 delabi
426 356 537 433 incipit,
557 357 754 433 peritonaeum
768 337 845 417 solui

102 462 167 510 tum
180 468 249 527 prae
265 469 295 507 se
308 449 409 520 defert,
431 450 520 528 idque
539 469 591 526 per
603 452 743 511 annulum
756 455 844 512 abdo·

101 544 190 602 minis
200 544 354 620 protrudit,
367 553 453 621 atque
463 543 597 602 deoradm
607 554 674 602 ante
683 546 754 604 sein
768 566 843 606 scro-

101 647 166 697 tum
180 639 245 696 fert.

143 733 178 798 Q.
192 735 242 790 An
251 733 399 791 testiculus
408 752 506 791 secum
516 735 756 811 vaeasanguinea‚
766 735 842 812 lym

99 826 226 905 piratica,
239 837 270 885 et
281 846 384 885 nervos
397 847 433 885 ex
446 828 600 886 abdomine
613 828 727 888 defert?

141 921 179 978 R.
203 922 267 992 lta3
289 922 340 979 sed
353 922 403 980 illa
415 923 547 999 longiora
558 922 744 1001 longioraque
757 925 840 995 fiunt,

101 1026 136 1074 ut
150 1015 300 1073 testiculus
313 1016 457 1074 delabitur
469 1017 500 1073 in
515 1029 649 1076 scrotum.
715 1070 722 1083 ,

141 1110 175 1176 Q.
196 1110 277 1181 Quid
289 1110 322 1168 fit
334 1110 412 1188 apud
425 1110 566 1169 annulum
584 1113 755 1184 abdominis,
775 1125 841 1192 post

99 1204 271 1262 descensum
285 1204 432 1263 testiculi?

138 1300 177 1357 R.
198 1300 288 1377 Apud
301 1299 442 1357 annulum
458 1299 580 1369 etinfra,
594 1310 747 1379 postquam
760 1304 842 1360 testi·

99 1393 183 1454 culus
195 1394 354 1465 descendit,
367 1394 566 1471 peritonaeum
580 1395 714 1472 vaginam
724 1396 799 1454 vasis
810 1409 841 1454 et

97 1489 195 1545 nervis
217 1489 296 1560 facit,
324 1489 430 1566 quibus
452 1487 597 1559 adhaeret,
620 1489 840 1567 funiculumque

98 1583 303 1660 rpermuticum
316 1583 473 1643 constituit.

137 1677 173 1743 Q.
195 1679 301 1738 Nonne
315 1677 401 1737 'testis
420 1676 534 1737 laminis
554 1676 665 1736 duabus
682 1678 839 1755 peritonaei

96 1773 304 1834 circundatur?

136 1871 175 1928 lt.
195 1870 291 1938 Certe,
305 1868 411 1926 lamina
423 1868 541 1927 interior
551 1867 684 1926 testiculo
693 1867 855 1937 adhaeret,¹

96 1972 126 2022 et
136 1963 234 2021 tunica
246 1961 400 2039 albuginea
412 1963 492 2020 testis
503 1962 663 2040 appellatur
670 1986 680 2032 3
694 1961 782 2020 altera
795 1962 837 2019 la·

16 2047 20 2056 ⁴
95 2058 176 2115 mina
189 2056 312 2114 exterior
324 2056 428 2133 ampla,
448 2056 547 2115 tunica
565 2056 703 2113 niminlm
720 2057 836 2134 vagina-

94 2152 142 2222 lis,
155 2162 259 2209 testem
272 2150 364 2210 solute
374 2150 532 2219 circundat,
547 2150 574 2207 ei
587 2152 653 2208 vcrd
665 2150 837 2208 nonadhae-

94 2255 149 2316 ret,
169 2245 224 2302 nisi
237 2246 313 2323 pone
326 2245 377 2301 ubi
390 2244 505 2303 tunicae
523 2244 693 2323 albugineee
711 2254 741 2303 et
758 2245 837 2302 funi·

92 2340 162 2416 culo
173 2339 318 2408 adhaeret,
330 2354 456 2416 ‘eumque
466 2331 566 2416 cingit

135 2433 171 2498 Q.
191 2434 275 2505 Quae
287 2443 331 2491 eat
338 2433 446 2491 fabrica
459 2434 567 2492 scroti?

131 2528 171 2585 lt.
197 2528 331 2587 Scrotum
340 2546 376 2590 ex
388 2527 597 2605 integumentis
610 2527 753 2587 consuetis
765 2547 834 2587 con·

93 2631 151 2681 stat
173 2623 205 2680 in
224 2621 298 2680 duos
317 2622 444 2680 sacculos
463 2632 546 2700 septo
566 2623 662 2699 medio
678 2622 833 2690 diducitur,

92 2736 218 2794 quorum
230 2725 351 2798 uterque
364 2716 531 2775 testiculum
544 2717 680 2786 continet,
700 2716 750 2776 sed
762 2716 833 2774 alter

90 2829 160 2869 cum
173 2809 263 2869 altero
274 2829 333 2869 non
347 2809 547 2872 communicat.

479 2923 498 2964 x
