2000 3450
226 227 266 266 ΒΕ
276 225 466 293 sunuc‘rvnn
480 226 625 269 nuonent.
741 218 795 277 19}
871 220 875 227 ’

60 352 238 431 perexiguae,
257 368 331 428 quae
350 369 469 408 nucum
490 360 643 409 secernunt
661 362 746 430 atque
764 352 798 410 in

61 446 223 506 duodenum
237 445 372 502 ductibus
385 443 554 512 infundunt,
568 446 638 502 sitae
650 457 725 504 sunt.

98 539 132 604 Q.
154 540 260 597 Nonne
279 522 403 596 odiendae
421 538 591 596 conniventes
613 538 645 596 in
663 539 803 599 duodeno

60 632 206 690 existunt?

97 727 134 784 R.
159 727 194 783 In
207 724 312 794 medio,
333 728 500 802 praesum
518 728 585 784 verd
599 745 697 784 versus
710 726 799 783 finem:

61 819 186 876 duodeni
200 818 348 876 sinistrum
360 838 449 897 rugae
461 821 554 879 multo
562 821 705 897 longiores
715 821 803 887 fiunt,

61 924 145 990 atque
157 913 189 970 in
202 912 331 970 vulvulus
343 914 530 973 conniventes
539 915 681 992 gradatim
691 925 799 972 trame-

63 1018 121 1064 unt.

100 1101 135 1165 Q.
158 1103 264 1159 Nonne
275 1102 442 1161 duodenum
456 1103 578 1160 ductum
592 1103 802 1162 eholedoehusn

62 1213 243 1253 communem
253 1204 284 1252 et
298 1196 512 1272 panoreatieum
522 1196 643 1273 recipit?

99 1290 137 1347 R.
158 1290 249 1357 Certe,
273 1290 328 1347 sub
351 1299 462 1365 partem
481 1289 609 1346 duodeni
626 1288 751 1346 mediani
770 1298 804 1347 etv

62 1382 248 1460 posteriorem
262 1382 383 1441 ductum
396 1402 578 1441 communem
592 1381 802 1440 eholedochune

62 1487 148 1554 etque
165 1476 289 1534 duetum
298 1477 512 1551 penetenticum
523 1477 641 1554 excipit,
662 1477 713 1554 qui
727 1477 801 1534 obli·-

63 1572 117 1648 qud
129 1571 205 1627 inter
219 1568 345 1629 tunicam
360 1570 551 1628 musculosam
571 1580 658 1648 atque
670 1571 800 1629 villosam

63 1683 178 1722 cursum
191 1662 307 1734 habent,
324 1662 499 1740 demquue
519 1664 605 1720 simul
622 1664 654 1720 in
666 1663 806 1722 duodeno

61 1758 151 1837 hiant7
747 1751 751 1757 ’

101 1852 136 1918 Q.
152 1850 232 1923 Quid
242 1870 363 1909 massam
376 1851 583 1909 alimentariam
593 1851 653 1909 sive
663 1850 804 1927 ohymum

61 1944 195 2023 impedit,
209 1965 245 2003 ne
259 1945 409 2028 inductus
423 1945 487 2003 illos
499 1945 621 2004 influat?

99 2041 140 2099 R.
150 2039 267 2100 Ductus
275 2039 465 2099 cheledochus
473 2040 633 2098 communis
641 2040 808 2119 ductusque

61 2132 259 2210 puncreaticus
272 2134 384 2192 tunicas
394 2134 523 2191 duodeni
535 2134 575 2192 ite
587 2135 702 2212 obliqud
714 2155 802 2213 pene·

60 2236 151 2298 trent,
165 2237 198 2286 ut
211 2228 364 2306 obliquitas
377 2229 439 2305 ipss
448 2228 677 2287 officiovalvulae
685 2230 804 2306 perfun-

61 2332 160 2399 gatur,
172 2322 392 2400 ingressumque
404 2322 503 2398 chymi
516 2324 661 2400 impediat.

102 2415 140 2482 Q.
161 2415 221 2488 cui,
226 2416 296 2476 -usni
304 2416 470 2475 duodenum
484 2416 622 2474 inservit?
728 2443 732 2453 ·

101 2509 143 2567 R.
156 2509 335 2568 Duodenum
347 2529 470 2568 massam
483 2508 690 2568 alimentariam
703 2527 722 2566 e
733 2527 804 2566 ven.

60 2593 168 2662 ttieulo
181 2604 297 2681 excipit,
311 2623 352 2674 eo,
367 2604 398 2662 in
412 2605 469 2662 situ
479 2602 641 2671 suofinum,
654 2601 807 2660 introitum

61 2696 179 2764 &silem
187 2697 289 2758 ductui
297 2699 444 2760 communi
454 2696 629 2756 choledocho
637 2706 724 2773 etque
734 2685 809 2754 duo

61 2789 107 2849 tui
120 2793 304 2874 penetentico
313 2792 381 2865 dat3
394 2801 428 2853 ut
435 2791 570 2853 humores
579 2789 729 2871 utriusque
738 2809 806 2870 pro-
