2000 3450
250 272 290 316 n·
305 273 485 317 stauarum
499 240 627 317 ossrurr.⁴
698 324 703 347 ι
763 265 797 316 31

62 400 111 457 tim
124 398 263 468 aufertur,
276 408 311 483 ut
323 399 355 457 in
368 382 432 478 ejus
444 398 604 466 interstitiis
616 386 696 458 ossea
705 406 804 460 ‘mate'
842 464 845 469 ,
892 408 895 411 ’

62 493 101 551 ria
112 493 274 571 deponatur
281 516 293 566 ,-
312 493 381 553 huic
393 494 484 571 igitur
495 495 546 553 illa
565 494 663 556 locum
680 497 798 574 proprio

61 596 187 666 tempore
198 587 258 657 dat.
297 639 301 647 .
376 618 393 663 l
799 614 802 625 ·

98 680 132 746 Q
151 680 236 753 Quae
248 689 390 741 structura
401 684 509 742 ossium
521 683 588 741 est?

99 775 134 833 u
153 758 481 854 Ossaplurimisefibris
488 785 712 855 componuntur,
726 766 799 855 puae

64 868 91 925 in
106 870 190 927 costis
202 870 277 928 bene
289 871 455 930 manifestae
467 883 544 942 sunt,
559 881 588 928 et
596 890 669 949 quae
678 871 708 927 in
717 882 801 948 parte

63 963 198 1022 exteriore
216 964 339 1023 maxime
357 965 500 1036 densatae,
520 975 550 1023 et
569 966 610 1023 ita
632 977 798 1043 compactae

63 1066 134 1127 suut,
154 1068 188 1115 ut
207 1057 336 1129 laminas,
357 1060 403 1118 vel
421 1060 609 1143 substantiam
628 1060 710 1137 quasi
729 1052 800 1117 soli-¹

63 1150 134 1221 dam,
154 1163 389 1230 repraesentent3
408 1152 439 1210 in
458 1162 649 1230 parteautem
662 1153 799 1211 interiore
893 1229 897 1235 .

65 1244 145 1303 fibrae
156 1247 196 1304 ita
208 1246 367 1324 dispositae
375 1255 452 1318 sunt,
466 1256 500 1305 ut
512 1244 652 1304 cancellos
664 1245 800 1303 efficiant:

65 1339 148 1399 Osa'ea
161 1342 272 1420 spicula
284 1342 400 1400 cellulas
412 1342 443 1399 in
456 1328 600 1411 extremis,
614 1349 644 1397 et
653 1358 722 1398 cava
732 1339 798 1417 qui-

63 1432 124 1491 dem
135 1435 231 1496 madii
244 1447 325 1513 parte
337 1436 489 1512 longorum
502 1435 619 1505 ossium,
632 1429 766 1494 formant.
793 1444 800 1474 '-

98 1529 132 1595 Q.
154 1531 271 1607 Quibus
282 1529 313 1588 in
326 1530 438 1587 ossibus
450 1519 526 1589 hanc
536 1520 709 1588 structuram
717 1527 797 1587 facil·

12 1642 13 1645 ¹
63 1619 124 1682 lime
136 1625 237 1682 videre
249 1626 420 1701 possumus?

98 1719 136 1778 R.
159 1720 195 1778 ln
208 1718 318 1776 ossibus
330 1716 390 1776 ferd
402 1718 537 1776 omnibus
549 1717 650 1787 foetus,
668 1726 699 1774 et
711 1717 742 1774 in
754 1696 800 1774 οὲ·

64 1810 136 1871 sibus
148 1811 242 1871 adulti
254 1811 378 1869 hominis
398 1829 515 1888 quoque
534 1811 653 1878 adustis,
674 1809 720 1870 vel
741 1810 801 1866 a'e‘ri

64 1906 143 1985 longo
155 1917 285 1983 tempore
298 1904 445 1982 expositis,
465 1904 563 1973 fibrae,
584 1912 613 1960 et
626 1901 756 1970 cellulae,
770 1911 800 1959 et

63 2018 125 2059 cava
142 2001 229 2078 pland
242 1989 472 2077 conspiciuntur,
493 1997 544 2054 ‘In
557 1988 620 2055 osse
630 1994 748 2073 quidem
758 1994 800 2052 fe-
872 1989 876 1998 ¹

63 2111 136 2151 more
147 2093 246 2153 omnia
259 2092 329 2150 haec
342 2085 489 2169 apparent.
529 2092 659 2148 Primum
679 2111 696 2148 a
719 2100 800 2167 parte

64 2189 197 2247 exteriore
208 2186 334 2246 laminae
346 2197 489 2253 curvatae,
513 2194 543 2242 et
555 2195 734 2262 compactae,¹
748 2183 799 2239 ‹le-

64 2278 125 2339 inde
136 2291 265 2339 extrema
277 2297 376 2337 versus
387 2298 421 2337 ac
433 2278 561 2347 interius,
580 2278 674 2355 magis
690 2277 799 2337 morlia

64 2386 140 2434 natae
151 2388 181 2434 et
194 2375 366 2453 spongiosae
374 2396 384 2445 3
404 2386 433 2432 et
445 2373 540 2431 adhuc
558 2372 677 2430 interius
695 2388 799 2429 cavum

63 2467 124 2548 plus
133 2469 266 2528 minusve
278 2467 408 2546 amplum
416 2485 470 2545 pro
481 2460 552 2528 ossis
560 2459 800 2542 magnitudinem

66 2572 246 2641 conspectum
257 2561 349 2621 venit.

101 2655 134 2721 Q.
153 2658 204 2715 An
217 2655 335 2715 cancelli
347 2655 496 2714 intersere
509 2649 742 2710 communicant?
789 2668 792 2680 ’

99 2751 136 2808 R.
156 2752 276 2809 Cumos
288 2750 407 2827 longum
420 2744 605 2806 transversim
618 2751 726 2802 sectum
745 2753 798 2814 est,

12 2999 14 3146 l

12 2837 13 2846 ’
65 2853 91 2902 st
102 2853 179 2904 secta
190 2854 317 2906 extrema
329 2844 360 2904 iu
372 2843 514 2920 liquorem
527 2835 689 2899 coloratum
694 2836 798 2898 demit·

838 3027 848 3058 l
