2000 3450
274 269 312 310 na
328 270 420 311 uasat
436 270 662 312 auusumctsus.
777 256 833 316 287

95 397 161 474 ejus
175 398 285 454 cervice
298 416 386 473 rugae
399 407 461 455 turn
475 397 608 473 obliquae
620 408 682 453 tum
693 407 834 453 transver-

96 511 147 547 sae
156 506 232 569 sunt,
247 492 323 547 inter
336 511 407 567 quas
420 491 539 549 folliculi
552 491 687 559 existunt,
704 491 755 566 qui
768 509 833 548 mu·

97 604 166 642 eum
180 584 341 642 effundunt.

139 677 174 742 Q.
194 678 300 735 Nonne
313 679 509 755 peritonaeum
522 690 604 738 utero
614 681 739 738 tunicam
750 680 822 739 dat?

135 772 173 828 R.
195 771 392 828 Peritonaeum
413 784 527 830 uterum
550 774 630 850 tegit,
651 774 837 850 tunicamque

23 910 24 927 ,
98 865 242 941 propriam
256 865 349 932 efficit,
363 878 392 922 et
404 877 528 942 utroque
539 867 627 924 latere
640 868 702 944 ejus
715 886 776 924 sese
788 868 833 922 in-

98 959 204 1027 sinuat,
217 957 324 1034 duplex
337 958 378 1026 fit,
402 958 614 1036 ligamentaque
627 960 683 1017 lata
695 960 753 1017 duo
765 979 834 1016 con-

97 1052 201 1121 stituit,
225 1069 300 1128 quae
319 1051 456 1108 lateribus
474 1052 566 1128 pelvis
586 1063 699 1110 uterum
713 1071 834 1110 connes-
871 1096 875 1103 .

99 1158 177 1214 tunt,
190 1157 277 1223 atque
289 1146 364 1202 inter
377 1145 496 1202 laminas
510 1146 571 1223 ejus
579 1146 659 1215 duas,
673 1148 756 1204 tubas
766 1146 832 1204 Fal.

21 1298 22 1323 ¹
98 1240 235 1316 lupianus,
249 1240 353 1307 avaria,
366 1258 433 1296 vasa
445 1224 601 1315 sanguinea
609 1251 639 1297 et
648 1240 831 1317 lymphatica,

100 1351 212 1400 nervos,
224 1333 436 1409 ligamentaquo
448 1332 580 1400 rotunda,
594 1344 765 1391 sustentant.

142 1428 176 1493 Q.
197 1426 277 1502 Quid
284 1425 321 1483 de
328 1425 483 1502 ligamento
490 1426 615 1485 rotundo
624 1426 833 1485 observandum

19 1512 20 1519 ἵ
100 1525 167 1579 est?

139 1616 177 1673 R.
197 1616 386 1692 Ligamenlum
405 1617 547 1673 rotundam
567 1635 602 1672 ex
624 1616 737 1692 angulis
757 1616 831 1672 uteri

99 1730 189 1787 prope
201 1709 325 1768 fundum
338 1710 472 1787 utrinque
485 1710 584 1778 oritur,
605 1719 692 1786 atque
704 1729 741 1767 ex
753 1709 832 1767 fibris

100 1802 278 1873 musculosis,
301 1804 387 1873 vasis,
406 1814 436 1862 et
447 1804 552 1872 nervis,
565 1804 730 1860 membrant
742 1804 831 1861 cellu-

98 1897 152 1953 lari
164 1897 300 1955 involutis
319 1909 437 1966 constat,
460 1897 529 1954 inde
551 1893 665 1973 obliqui
684 1895 721 1953 ad
739 1906 831 1953 annu·

98 1990 161 2047 lum
174 1991 333 2048 abdominis
345 1992 447 2059 tendit,
470 1991 625 2068 egreditur,
645 2001 731 2067 atque
743 1990 775 2048 in
787 1991 832 2048 in·
855 1977 857 1981 ¹

93 2085 189 2159 <guina
201 2094 231 2141 et
243 2086 321 2160 pube
332 2085 484 2142 evanescit.

139 2177 183 2242 Q:
195 2177 276 2252 Quid
288 2177 325 2234 de
341 2178 437 2235 ovorio
449 2180 581 2236 observas
593 2180 603 2237 l

138 2272 177 2328 13.
198 2270 328 2329 Ouariam
341 2281 462 2348 utroque
470 2271 557 2330 latere
571 2274 645 2330 uteri
657 2293 675 2330 a
686 2273 778 2331 fundo
787 2273 830 2330 di·

98 2366 192 2442 gitum
206 2375 397 2423 transversum
410 2366 499 2432 abest,
521 2367 575 2423 sub
587 2367 750 2443 peritonaeo
762 2367 831 2424 insi-

98 2461 149 2518 ‹let
162 2459 193 2515 in
212 2469 293 2535 parte
310 2459 464 2536 posteriore
482 2458 631 2536 ligamenti
649 2460 700 2518 lati
710 2483 719 2529 ;
740 2462 831 2537 ligura

99 2554 163 2630 ejus
175 2553 299 2628 oblonga
310 2563 362 2620 est,
376 2565 405 2608 et
418 2552 512 2628 planu,
532 2564 619 2630 atque
637 2554 668 2610 in
687 2556 831 2631 magnitu-

99 2648 167 2703 ‹line
181 2648 258 2703 varia
277 2666 330 2722 pro
342 2646 481 2702 foeminae
503 2658 604 2714 aetate,
626 2650 830 2724 partubusqne.

97 2741 183 2799 Intus
196 2740 376 2816 componitur
389 2759 425 2796 ex
439 2739 522 2806 vasis,
545 2743 649 2809 nervis,
671 2751 699 2797 et
722 2742 832 2798 vesicu-

97 2832 135 2891 lis
148 2834 208 2893 sive
220 2832 281 2892 ovis
296 2832 454 2906 substantia
466 2833 592 2893 cellulari
605 2834 700 2893 albida
718 2835 833 2893 circun-

18 2933 19 2940 ’
99 2925 182 2986 datis.
