2000 3450
316 235 356 276 nc
370 235 607 280 snnsnnusrun
790 230 829 286 tn*

8 471 9 476 ’
112 484 151 524 nn
175 482 342 525 concurre
369 484 435 525 ειη
463 486 608 529 cnncunrs
631 486 665 528 m
685 489 807 534 snmus

371 578 549 654 cuinullum.

129 732 162 799 Q.
183 732 232 790 Ex
246 731 352 809 quibus
368 731 504 790 chemicis
524 732 675 810 principiis
695 745 826 796 constant

90 836 229 893 canneta,
243 844 317 902 quae
330 825 485 895 interdurn,
505 827 556 884 sed
568 846 633 885 raro
651 829 780 904 quidem,
793 830 825 889 in

89 918 232 997 glandulis
241 918 438 988 inveniuntur,
447 939 522 996 quae
532 920 648 979 salivam
658 925 829 983 secernunt?

123 1014 164 1072 R.
184 1014 240 1072 Ab
252 1013 456 1089 experimentis
467 1015 631 1073 recentibus
643 1028 774 1076 concreta
787 1038 824 1078 ex

8 1145 9 1148 =
86 1108 250 1188 Phosphute
259 1107 352 1177 calcis,
363 1117 392 1165 et
401 1107 560 1166 Albumine
567 1108 724 1185 coagulato,
735 1112 822 1188 quod,

86 1204 142 1262 nte
153 1204 259 1274 soluto,
279 1202 401 1282 figuram
415 1201 541 1261 concreti
559 1201 673 1275 retinet,
693 1213 823 1265 construe

86 1296 226 1358 videntur.

372 1539 412 1580 DE
423 1538 533 1581 GUSTU.

122 1694 157 1762 Q„
178 1691 368 1766 Quaestione
381 1701 484 1770 gustus
496 1692 549 1750 fit?

121 1790 159 1847 R.
181 1787 307 1864 Papillae
325 1804 471 1853 nervosae,
490 1802 613 1860 quarum
630 1781 771 1860 plurimae
788 1782 820 1840 in

82 1885 191 1962 lingua,
208 1882 280 1940 aliae
292 1882 378 1938 etiam
390 1879 516 1936 minores
528 1877 559 1934 in
574 1875 669 1952 palato
681 1889 711 1934 et
722 1877 821 1934 buccis

82 1978 218 2045 existunt,
233 1975 322 2034 salivit
334 1972 497 2041 madefiant,
512 1989 627 2029 neccsse
640 1979 692 2027 est.
732 1970 820 2042 Quod

81 2073 112 2130 in
124 2091 156 2130 os
169 2070 303 2139 sumitur,
317 2060 348 2125 id
357 2067 568 2145 salivriquoque
576 2064 756 2123 miscendum
766 2075 819 2137 est,

81 2170 138 2245 qut
149 2164 255 2243 partim
265 2164 313 2221 vel
326 2181 363 2220 ex
375 2171 436 2218 toto
445 2159 624 2228 solvendum,
644 2168 678 2217 ut
690 2158 819 2236 unquue

80 2260 200 2339 papillas
213 2277 348 2316 nervosas
364 2254 482 2333 propiris
492 2244 649 2322 circundet,
669 2252 819 2330 atque—sti·

80 2355 180 2424 mulet‚
191 2373 250 2430 quo
260 2370 321 2410 sese
330 2351 451 2426 erigant,
457 2358 487 2406 et
494 2348 621 2406 motibus
630 2346 755 2423 linguae,
764 2343 820 2400 im·

79 2450 239 2528 pressiones
252 2445 345 2503 multo
357 2441 488 2501 fortiores
498 2441 652 2518 accipiunt,
671 2456 741 2513 quas
753 2454 819 2493 ner·

79 2544 110 2600 vi
121 2543 219 2600 statim
232 2539 329 2597 animo
341 2537 444 2606 ferant,
458 2554 517 2612 quo
528 2543 632 2612 gustus
652 2529 820 2607 percipitur.
853 2560 859 2571 ·

79 2637 162 2695 Patet
177 2634 278 2713 igitur,
293 2631 371 2708 quod
384 2631 415 2687 in
428 2629 518 2689 salivs
525 2623 677 2685 insolubile
689 2623 736 2692 sit,
746 2621 820 2682 nihil

78 2729 186 2809 saporis
198 2737 363 2787 moturum:
385 2724 432 2782 vel
444 2722 562 2799 salivam
581 2720 673 2796 ipsum
686 2716 818 2776 deficien-

78 2833 146 2894 tem,
165 2833 219 2881 sut
237 2820 374 2890 vitiatam,
397 2825 518 2897 gustum
538 2811 627 2874 etism
648 2810 819 2891 deprevatu-

78 2935 140 2978 ΝΠ
151 2935 224 2978 8830.

460 3008 474 3049 1
