2000 3450
153 233 191 291 86
399 237 441 281 nn
459 227 636 280 πωπω.

417 453 458 494 ΠΕ
472 445 628 491 GUTTURE·
713 451 721 460 ·

197 607 232 672 Q.
252 602 332 676 Quid
345 600 382 658 de
394 605 511 675 gutture
524 587 680 667 intelligis?
742 575 745 590 ’

197 701 238 759 R.
260 698 372 756 Guttur
392 692 573 770 pbaryngem
598 694 629 741 et
650 683 802 759 laryngem
823 694 897 735 cum

158 792 305 861 musculis,
314 784 486 867 ligamentis,
495 795 525 840 et
535 778 609 839 vasis
619 774 750 856 propriis,
764 789 898 848 eompre-

161 886 272 947 hendit.
482 887 484 890 ’

130 1005 134 1014 ’
200 980 235 1046 Q.
255 978 337 1050 Quae
350 976 385 1034 de
397 943 540 1051 phurynge
552 963 678 1026 notanda
690 965 778 1021 sunt?

199 1076 239 1133 R.
260 1072 385 1150 Figurae
396 1062 575 1126 infundibuli
593 1069 645 1129 est,
667 1068 733 1117 ente
751 1051 904 1114 vertebras

162 1168 228 1228 colli
249 1166 319 1235 sita3
343 1164 422 1222 cibos
446 1158 635 1237 potionesque
657 1150 768 1228 recipit,
791 1147 903 1207 deiude

163 1261 287 1320 musculi
296 1260 412 1336 linguae
421 1255 602 1313 inhaerentes
611 1256 711 1326 agunt,
720 1253 806 1324 atque
815 1241 904 1302 basin

163 1358 280 1435 linguae
292 1354 450 1420 retrahunt,
464 1350 523 1425 qut
534 1346 617 1406 bolus
636 1344 711 1414 intro
727 1346 904 1418 potestatem

164 1448 382 1507 constrictorum
392 1441 549 1522 pbnryngis
560 1439 696 1505 defertur,
707 1435 756 1512 qui
766 1430 903 1501 musculi,
941 1489 947 1500 ,

163 1541 213 1599 dii
225 1549 290 1619 post
302 1538 381 1607 alios,
394 1535 528 1595 decrerim
540 1551 602 1592 sese
615 1529 799 1597 contrahunt,
806 1534 836 1585 et
848 1526 906 1585 bo.

164 1634 270 1692 lumin
283 1632 478 1710 oesophugum
491 1626 659 1695 detrudunt,
679 1624 762 1702 cujus
774 1629 907 1681 contrec-

138 1749 140 1759 ’
165 1728 244 1788 tione
256 1729 288 1785 in
300 1725 493 1786 ventriculum
506 1719 624 1782 tandem
635 1716 805 1777 demittitur.

206 1814 241 1888 Q.
265 1820 379 1899 Quibus
392 1820 477 1880 rebus
490 1818 623 1896 phurynx
635 1812 775 1872 inservit?

205 1916 243 1975 R.
264 1914 402 1992 Phurynx
413 1928 473 1971 non
486 1911 579 1969 solnm
592 1909 690 1967 abore
703 1905 782 1966 cibos
790 1905 908 1985 recipit,

166 2011 255 2086 inque
267 2008 472 2085 oesophrgum,
486 2024 552 2064 cum
566 2023 624 2080 quo
643 2001 842 2071 committitur,
855 2000 909 2059 de·-
971 2068 974 2073 ⁴

166 2102 272 2172 mittit3
282 2100 384 2160 verum
396 2099 483 2158 etium
490 2098 616 2158 multum
625 2095 657 2155 in
669 2112 740 2155 voce
752 2093 908 2155 modulum¹

166 2197 204 2256 dt
216 2194 343 2284 ndjuvat.
362 2264 365 2271 Δ

207 2292 244 2358 Q.
262 2290 346 2364 ‘Quid
358 2290 395 2349 de
410 2289 532 2367 luynge
546 2286 717 2366 generaliter
729 2286 886 2345 observes?

205 2388 244 2446 R.
263 2382 382 2464 Lurynx
394 2383 432 2442 ud
444 2393 556 2462 partem
574 2380 641 2440 colli
659 2381 830 2440 anteriorem
849 2380 909 2438 nub

167 2503 230 2544 osse
239 2478 368 2559 hyoideo
380 2478 444 2548 sita,
457 2477 515 2548 cui,
529 2485 559 2535 et
570 2475 632 2534 basi
644 2475 770 2551 linguae,
792 2485 821 2532 et
833 2468 910 2550 phe-

123 2636 126 2641 ,
168 2576 264 2656 ryngi,
284 2566 476 2641 adincrescit3
499 2590 536 2628 ex
549 2568 764 2646 cartilaginibus
776 2568 910 2646 quinque

167 2680 288 2741 constat.
301 2689 375 2750 quae
385 2666 551 2745 ligamentis
563 2666 594 2724 in
605 2666 662 2725 situ
669 2673 814 2735 tenentur,
827 2683 911 2723 mus·

168 2764 298 2846 culisquc
306 2770 468 2839 moventiu,
482 2771 569 2844 atquc
576 2759 753 2826 membranis
763 2760 894 2838 obtegun

167 2866 224 2918 tur.

441 2995 463 3052 4
