2000 3450
251 309 291 349 na
305 306 479 350 numanam
493 308 675 353 cananiam.
815 298 833 359 7

92 433 209 513 injuriie'
221 431 307 490 mam
321 432 580 509 extemiamarima
598 436 737 504 defendit,
758 440 833 497 vasis

91 527 253 586 innumeris
262 526 438 605 praesidium
444 526 504 597 dat,
518 547 832 608 eorpuaquemueoaum

90 633 124 681 et
137 621 290 681 cuticulam
303 621 431 680 suatinet
466 630 469 635 “

234 840 291 884 ’Μ
305 842 475 886 ΜΕΜΒΕΔΝΔ
490 848 673 889 cananum.

135 981 173 1047 Q.
192 981 275 1053 Quae
288 993 331 1040 eat
342 985 508 1043 membrana
521 984 684 1045 cellelarie?

133 1076 172 1134 R.
194 1075 248 1134 Illa
260 1085 304 1134 est
319 1064 500 1146 membrana,
519 1098 593 1155 quae
611 1081 666 1138 aub
684 1089 751 1140 cute
763 1085 830 1140 verb

92 1189 149 1248 per
160 1170 325 1241 universum
338 1190 442 1248 eorpus
455 1172 560 1242 existit,
581 1191 644 1230 eam
655 1192 722 1232 uum
740 1174 829 1251 parti.

92 1265 150 1322 bus
162 1264 375 1341 subjacentibus
388 1267 548 1343 conjungit,
571 1276 658 1344 atque
676 1285 737 1324 aeae
755 1268 830 1325 inter
877 1282 878 1285 ’

90 1358 239 1416 musculos
251 1367 281 1415 et
293 1357 377 1417 fibras
390 1361 586 1418 musculorum
600 1361 734 1421 insinuat.

133 1452 169 1518 Q.
190 1452 271 1524 Quae
283 1452 390 1511 fabrica
403 1456 585 1512 membranae
598 1455 738 1513 cellularis
750 1459 813 1513 est?

131 1545 171 1604 R.
190 1545 263 1603 Tela
275 1554 319 1603 eat
331 1536 506 1619 tenuissima,
519 1550 631 1624 patiens
643 1549 760 1607 maximi
770 1549 829 1607 dia·

88 1639 198 1711 tentis,
219 1639 249 1696 vi
260 1639 384 1698 mirabili
399 1642 544 1700 resiliendi
556 1643 693 1720 praedita,
712 1654 829 1720 atquae
866 1642 868 1645 ’

90 1735 297 1794 membranulis
310 1736 386 1794 varie
396 1738 556 1814 conjunctis
569 1722 739 1814 eompuaita;
754 1740 829 1795 inter
900 1771 904 1794 l

92 1851 164 1909 quaa
177 1830 296 1888 cellulae
308 1830 485 1901 innumerae,
508 1851 574 1908 quae
593 1831 678 1908 adipe
699 1830 746 1888 vel
766 1831 829 1888 oleo

5 1921 7 1932 ’
89 1924 195 2004 plenae
207 1935 284 1993 aunt,
303 1935 333 1982 et
346 1924 421 1983 inter
434 1944 495 1983 aeae
507 1926 652 1984 liberrimi
670 1925 829 1984 cummuni·
859 1921 875 1931 ”

88 2027 170 2086 cant,
182 2018 352 2077 formantur.
702 2019 704 2026 ’

133 2113 170 2181 Q.
190 2113 304 2185 Quibue
317 2113 403 2172 rebua
415 2114 581 2174 membrana
590 2114 731 2174 cellularia
738 2115 829 2174 inaer-

5 2237 6 2240 ¹
89 2207 155 2267 vit?

132 2301 170 2360 lt
190 2300 359 2360 Membrana
381 2302 429 2360 illa
448 2278 570 2381 eimplex
589 2313 619 2362 et
636 2314 735 2381 tenera
753 2303 829 2361 inter
867 2300 870 2305 ’
952 2379 956 2392 ¹

88 2395 179 2453 fibrae
197 2395 374 2454 musculum
392 2396 511 2474 quidem
532 2397 655 2456 maxime
675 2397 762 2454 exiles
783 2395 828 2453 in·

89 2489 232 2566 mediter,
241 2508 300 2566 quo
308 2489 380 2549 aliae
388 2490 476 2552 fibrae
485 2492 647 2569 superaliaa
656 2492 747 2549 multb
758 2490 829 2548 faci·
874 2489 876 2491 ’
972 2469 974 2473 ⁴

88 2582 178 2642 lintea
199 2595 333 2642 moveant
343 2608 353 2655 3
375 2585 494 2644 densam
516 2596 613 2644 autem
633 2584 775 2655 tendinea,
798 2594 828 2645 et

88 2677 193 2736 feaeiaa
205 2680 345 2749 robuataa,
365 2680 411 2739 vel
425 2680 544 2758 vaginas
555 2680 695 2738 musculis
712 2681 829 2750 formet,
873 2688 876 2692 ’

88 2770 182 2830 aliurn
194 2772 243 2831 alii
256 2774 386 2832 musculo
398 2776 551 2845 eonnectit,
564 2785 716 2853 mutuaque
728 2793 829 2833 eorum
873 2767 874 2770 ¹

88 2875 243 2948 temperat.
284 2859 511 2927 Smeuloaetiam
520 2869 689 2947 complures,
700 2870 751 2948 qui
760 2870 828 2927 bur·

5 2963 7 3024 ζ
91 2978 142 3020 aaa
154 2980 287 3022 munusue
303 2963 498 3035 nominantur,
523 2963 554 3024 in
573 2964 678 3043 quibua
696 2964 829 3025 tendinea
