2000 3450
193 192 248 265 180
363 208 402 249 nr
419 209 758 255 trudoni-retroneum.

189 331 377 401 constituunt,
395 333 446 409 qui
459 333 521 409 ipse
534 353 586 390 suo
598 334 629 389 in
648 353 738 403 cursu,
753 354 770 390 a
788 345 867 411 parte
887 339 928 393 si·

188 424 278 481 nistre
291 424 329 481 ad
343 424 473 483 dextram
487 427 653 484 innumeros
665 427 735 484 elios
756 426 928 491 ductusmiq

95 575 98 581 ,
186 537 269 575 nores
282 519 398 595 excipit,
411 522 502 597 edque
514 521 605 597 major
617 520 657 576 fit.

227 610 261 675 Q
283 616 366 690 Quae
379 613 415 671 de
428 615 490 670 duct
480 623 509 670 tu
514 614 689 691 ponerentico
698 614 728 670 in
736 617 873 674 memorie
886 626 927 675 te·

186 708 282 766 nenda
295 712 432 765 sunt?

168 876 170 879 v
226 804 264 861 R
283 802 398 861 Ductus
411 811 454 859 est
467 812 547 859 tener
547 800 928 881 ,albidus‚etquesemipel·

184 895 307 964 lucidus,
330 906 360 952 et
379 915 396 952 a
418 895 475 952 fine
479 896 665 971 pancreatis
677 896 792 954 sinistro
812 897 927 974 incipit,

185 991 277 1066 major
296 988 444 1066 majorque
465 989 507 1059 fit,
531 989 626 1047 medin
647 990 678 1046 in
701 1001 782 1065 parte
805 991 866 1066 ejus
885 990 926 1048 ad

139 1106 140 1113 ¹
183 1084 316 1143 dextrum
328 1102 426 1141 versus
440 1084 538 1152 currit,
558 1085 609 1143 ubi
628 1084 748 1142 ductum
767 1086 926 1160 pancreatis

185 1179 304 1237 minoris
316 1177 503 1255 praecipuum
517 1179 632 1255 excipit,
652 1188 737 1254 atque
751 1179 827 1236 inter
846 1179 925 1236 tuni-

185 1293 232 1333 cas
245 1273 372 1332 duodeni
385 1272 499 1348 oblique
512 1273 681 1350 ingreditur,
701 1273 844 1350 simulque
857 1293 925 1332 cum

184 1369 276 1429 ductu
289 1368 434 1427 communi
448 1367 623 1427 choledocho
635 1369 666 1425 in
679 1368 923 1426 duodenotermi-

182 1473 241 1520 net.

162 1627 164 1631 ι
196 1584 199 1589 ¹
225 1557 259 1624 Q.
280 1557 402 1616 Cuinum
414 1556 478 1615 usui
490 1576 626 1634 pancreas
638 1559 777 1617 inservit?

125 1679 128 1683 ·
221 1653 260 1712 R.
280 1652 418 1712 Panereas
437 1654 576 1732 glandula
594 1653 708 1711 videtur
726 1652 764 1710 ed
782 1651 924 1731 liquorem

182 1749 389 1806 secernendum
402 1750 554 1815 destinate,
573 1768 659 1825 quem
672 1747 777 1806 ductus
789 1766 925 1823 pancrea-

181 1843 298 1901 ticusin
311 1841 477 1900 duodenum
489 1841 627 1900 infundit.
740 1915 743 1919 ι

221 1937 256 2001 Q.
276 1935 359 2006 Quae
371 1946 414 1995 est
426 1946 530 1995 natura
541 1935 857 2014 liquorirpanrreatici?

223 2029 258 2087 R.
279 2029 391 2106 Liquor
409 2041 452 2087 est
472 2048 597 2097 serenus,
617 2048 748 2105 aquosus,
768 2028 921 2105 insipidus,

181 2123 286 2195 tenuis,
299 2132 387 2200 atque
400 2124 504 2197 salivae
517 2123 689 2182 simillimus
777 2161 780 2166 ·

220 2216 255 2281 Q.
275 2216 390 2287 Quibus
413 2216 523 2274 viribus
545 2216 593 2273 hic
615 2216 739 2293 liquor
731 2236 762 2273 m
784 2217 920 2276 ductibus

179 2311 370 2389 propellitur?

183 2451 188 2460 .
205 2409 264 2466 .R.'
277 2405 373 2466 Primo
386 2407 511 2465 videtur·
521 2409 563 2466 vis
576 2405 730 2484 eanguInis
749 2426 767 2462 e
785 2414 867 2480 tergo
886 2407 919 2463 'm

175 2501 303 2560 ramulos
316 2499 419 2564 ductile
431 2503 602 2579 perexiguos
611 2502 752 2577 liquorem
761 2500 918 2575 impellere,

177 2606 329 2672 motusque
340 2623 346 2648 ;
357 2597 405 2654 ille
420 2596 559 2673 pulsibus
577 2606 672 2653 aortae
691 2604 720 2651 et
739 2593 917 2663 arteriarum,

176 2677 276 2762 pressu
286 2690 437 2756 ¹viscerum
456 2689 694 2755 incumbentium,
715 2697 745 2743 et
757 2686 786 2743 vi
800 2686 918 2745 fortasse

147 2797 149 2801 ·
175 2780 261 2837 insite
273 2783 375 2841 ductus
388 2785 478 2861 ipsius
487 2802 547 2841 non
558 2782 742 2858 continuatur
751 2779 852 2848 soldm,
867 2799 916 2837 ve-

176 2872 339 2935 rumetum
352 2878 444 2952 multo
457 2877 575 2937 celerior
588 2876 725 2956 redditur.
752 2951 758 2958 ·
