2000 3450
782 3 836 11 ,πη-ν
852 5 877 10 Ἦ,

336 239 376 279 nr
390 236 590 282 vnnrnlcuuo.
765 227 820 290 189

78 364 170 421 nistra
182 370 212 421 ct
225 379 291 421 uasa
306 362 404 422 brevia
421 362 557 440 splenicis,
576 363 734 422 ventriculo
753 364 821 422 mit.

78 464 190 516 tantur.

119 550 154 614 Q·
174 549 235 627 Qui
248 550 326 609 nerui
337 549 369 608 in
381 550 541 609 ventriculo
553 550 787 611 distribuuntur?

117 646 156 702 R.
178 644 260 702 Rami
273 644 391 723 paribus
409 644 487 722 vagis
507 644 567 702 sive
585 643 692 702 ooeuvis
711 646 819 721 praeci.

4 728 5 759 l
76 739 143 817 pud,
151 738 322 816 aliiquoque
331 737 548 814 sympatheticis
557 737 680 813 maguis,
688 737 819 797 derivati.

4 826 5 843 ³
118 833 153 898 Q,
172 832 308 890 Habetue
320 830 497 890 ventriculus
510 850 577 890 vasa
586 831 786 890 absorbentia?

116 925 155 984 R.
176 924 296 1000 Erugis
314 923 428 982 tunicae
447 924 565 995 intimae¹
584 944 651 982 vasa
667 924 817 982 innumera

74 1027 107 1077 et
118 1036 223 1095 magna
235 1018 415 1077 absorbentia
431 1018 574 1086 oriuntur,
594 1038 667 1095 quae
685 1018 720 1075 in
735 1019 818 1096 glan.

75 1110 289 1187 dulae-exiguas
301 1110 333 1167 in
346 1110 506 1169 curvaturis
519 1098 672 1167 ventriculi
690 1112 758 1168 sitas
771 1112 816 1169 in.

74 1202 256 1280 gradiuntur,
270 1202 375 1260 deinde
387 1203 419 1260 in
432 1202 552 1285 ductum
565 1202 739 1261 thoracicum
750 1205 816 1262 abe-

75 1307 138 1356 unt.
232 1289 235 1297 ¹
549 1342 551 1345 ψ

115 1391 150 1456 Q.
164 1392 269 1449 Nonne
276 1399 345 1449 sunt
350 1392 509 1470 glandulae,
520 1392 596 1451 iuter
603 1391 728 1449 tunicam
737 1409 815 1450 mus·

74 1484 200 1543 culosam
212 1486 367 1545 'ventriculi
378 1495 407 1543 et
417 1487 558 1555 ¹villosam,
572 1485 663 1542 sitae?

112 1578 150 1635 R.
171 1577 251 1635 Olim
264 1578 305 1635 ibi
317 1579 470 1655 glandulas
483 1597 545 1636 esse
557 1587 690 1655 putatum
704 1588 758 1648 est,¹
770 1599 815 1638 re<

74 1670 213 1731 cautiores
225 1680 322 1729 autem
335 1682 475 1730 scrutares
487 1671 638 1729 anatomici
649 1690 708 1728 non
717 1673 814 1731 videre

73 1766 136 1823 illas
148 1764 324 1842 potuissent:
345 1765 405 1823 veri
418 1776 461 1823 est
474 1764 568 1822 simile
586 1775 683 1822 tamen
701 1765 813 1822 follicu-

71 1859 115 1916 los
127 1875 260 1918 mucosus
271 1859 311 1920 ibi
324 1859 454 1930 existere,
467 1866 497 1916 et
509 1877 563 1935 pro
575 1856 719 1935 glandulis
731 1857 813 1916 habi.

72 1963 198 2015 imme·

112 2048 147 2113 Q.
167 2048 282 2120 Quibus
295 2049 369 2105 vasis
381 2066 477 2106 succus
486 2039 626 2124 guelricus
645 2045 811 2115 secernitur,
867 2047 871 2054 “

72 2141 96 2198 si
108 2133 262 2218 glandulae
275 2142 307 2198 in
319 2139 478 2198 ventriculo
492 2158 551 2196 non
565 2138 706 2196 existant?

109 2236 148 2293 R.
169 2233 406 2293 Extremitatibus
425 2231 623 2290 minutissimis
636 2231 810 2310 arteriarum.
830 2223 832 2226 ¹

110 2327 147 2392 Q·
169 2328 223 2387 Cui
232 2328 296 2385 usui
309 2326 484 2385 ventriculus
497 2323 635 2382 inservit?

108 2425 148 2482 R.
168 2420 353 2481 Ventriculus
365 2422 403 2478 ab
414 2418 577 2495 oesophago
596 2418 674 2475 eibos
693 2417 808 2493 excipit,

880 3 981 13 ,κν-...πμ

71 2533 177 2592 eosque
189 2534 241 2591 per
253 2513 337 2572 horas
349 2514 421 2571 duas
440 2523 533 2570 tresve
552 2512 687 2581 continet,
710 2511 808 2587 agitat,
919 2498 923 2509 ’

69 2608 164 2678 solvit,
184 2617 286 2680 mutat,
305 2618 392 2686 atque
405 2606 523 2666 tandem
536 2605 567 2663 in
580 2605 746 2681 duodenum
758 2602 809 2662 de·

70 2702 168 2764 mittit.
