2000 3450
2 282 5 463 Ι
203 324 245 362 na
258 324 441 366 acrronrnns
454 327 696 369 rurrsrtuonnn.
766 321 820 382 197

116 447 157 505 R.
173 448 266 505 Colon
277 469 399 507 massam
413 451 620 509 alimentariam
629 472 683 530 pro
691 463 822 533 tempore

77 541 173 600 multo
191 542 330 621 longiore,
354 564 388 602 ac
407 545 543 603 intestina
566 548 704 616 tenuiora,
727 551 821 609 tardat

77 635 265 713 detinetque3
285 658 344 715 quo
356 658 522 715 processum
531 642 721 701 concoctionis
734 653 821 721 atque

77 728 248 806 digestionis
262 732 395 790 ultimum
409 735 548 810 perficiat,
568 737 752 814 spatiumque
771 738 822 797 det

78 824 209 902 amplum
223 825 297 882 vasis
317 828 536 888 absorbentibus
554 831 592 888 ad
611 840 722 908 partem
742 832 821 908 chyli

77 917 229 995 reliquam,
243 921 318 978 aiibi
330 921 412 992 adsit,
426 923 623 999 hauriendam.
645 926 691 988 Ibi
705 947 822 1004 quoque

73 1030 125 1069 res
136 1023 286 1090 corruptae
299 1025 329 1072 et
341 1017 453 1084 noxiae,
467 1018 621 1075 verisimile
634 1028 686 1088 est,
707 1040 743 1078 ex
755 1040 821 1079 san·

76 1107 168 1184 guine
181 1109 254 1165 vasis
267 1108 468 1167 exhalantibus
481 1122 696 1182 excemuntur;
716 1115 763 1172 cui
775 1133 821 1173 re.

75 1221 158 1259 mora
170 1201 274 1260 incolo
287 1203 366 1262 haud
379 1203 481 1280 pariam
493 1205 581 1262 favet.

117 1297 153 1364 Q.
167 1298 315 1356 Enurnera
327 1299 400 1356 mihi
410 1299 536 1357 breviter
543 1309 639 1377 partes
653 1300 759 1358 canalis
769 1302 820 1359 ali-

75 1393 208 1450 mentarii
222 1393 357 1453 diversas.

116 1486 153 1544 R.
175 1486 392 1564 Oesophagurn,
413 1487 617 1557 ventriculum,
641 1487 819 1559 duodenum,

71 1580 218 1658 jejunum,
231 1579 329 1648 ileum,
344 1580 426 1638 colon
439 1591 469 1638 et
481 1592 601 1639 rectum.

116 1674 152 1741 Q.
173 1675 256 1747 Quae
268 1676 393 1734 actiones
406 1674 438 1731 in
451 1674 607 1752 oesophago
621 1675 718 1734 fiunt?

115 1773 154 1831 R.
169 1772 204 1828 In
215 1771 380 1848 oesophago
392 1769 480 1826 fibrae
493 1770 524 1825 in
539 1768 654 1826 circulis
667 1769 821 1846 dispositae

74 1866 147 1923 aliae
164 1865 237 1922 aliisi
258 1884 279 1921 n
303 1884 363 1922 sese
383 1861 578 1922 contrahendo
603 1862 820 1938 superveniunt,

75 1959 146 2016 dum
167 1959 256 2015 fibrae
285 1977 306 2014 n
325 1955 510 2034 longitudine
529 1955 677 2013 ordinatae
689 1955 758 2013 bolo
770 1957 821 2014 sti·

75 2053 201 2110 mutatae
214 2072 275 2110 sese
289 2053 375 2110 etiam
390 2051 566 2129 contrahunt
577 2070 613 2108 eo
625 2051 657 2108 in
676 2050 748 2120 loco,
769 2052 821 2110 ubi

73 2148 159 2205 bolus
173 2158 225 2215 est,
247 2166 372 2225 eumque
385 2145 600 2223 quodammodo
612 2145 748 2204 deorsum
760 2147 821 2205 vel·

74 2242 150 2311 tunt,
164 2251 194 2299 et
203 2241 320 2299 tandem
334 2240 365 2298 in
378 2238 574 2298 ventriculum
587 2240 693 2298 serunt.

116 2336 151 2401 Q.
165 2336 248 2407 Quae
258 2335 384 2392 actiones
396 2353 514 2411 quoque
525 2334 554 2391 io
568 2335 718 2392 ventriculo
731 2334 822 2394 finnt?

113 2431 153 2487 R.
177 2430 213 2487 In
228 2428 388 2487 ventriculo
402 2428 492 2487 fibrae
507 2428 686 2486 musculosus
705 2426 821 2484 validis-

75 2522 165 2580 simae
179 2532 265 2592 sunt;
285 2522 356 2580 aliae
367 2522 550 2590 diametrum,
564 2522 636 2578 aliae
648 2523 716 2578 verb
728 2521 822 2598 longi·

75 2617 208 2675 tudinem
221 2617 284 2696 ejus
299 2617 481 2675 contrahunt.
522 2614 708 2673 Ventriculus
721 2615 821 2693 igitur,

74 2713 146 2771 cibis
160 2714 283 2790 receptis
292 2712 465 2781 stimulatus,
480 2729 598 2769 suorum
606 2710 733 2768 motibus
742 2730 822 2769 mus-

73 2808 408 2884 culorum'vehementer
427 2806 562 2883 agitatus,
582 2795 701 2864 succum
718 2805 822 2884 gastri·

73 2922 141 2962 cum
156 2903 270 2981 copiose
278 2901 411 2973 secernit,
426 2921 485 2980 quo
495 2898 553 2959 cibi
564 2900 721 2971 solvantur,
734 2911 823 2976 atque
