2000 3450
237 278 277 318 nu
292 278 420 318 rnemcr
435 277 632 331 sturionum,
652 263 704 317 &e
785 261 840 319 163

98 404 234 480 regiones
246 411 304 461 tres
316 403 425 462 medias
434 402 544 470 definit,
558 402 736 462 auditionem
755 404 842 462 nimi·

100 498 175 567 rum,
199 508 229 554 et
249 508 371 575 utroque
393 498 482 555 lstere
500 497 649 555 lumbarem
667 499 792 557 deutrum
811 508 841 557 et

101 594 255 651 sinistram.
296 592 378 649 Inter
390 592 465 650 hane
482 591 590 662 lineam
606 601 636 649 et
653 593 767 668 pelvem
782 604 841 651 tres

101 687 216 745 infimae
229 690 362 765 regiones
375 697 451 756 sunt,
472 686 680 765 hypogarirs'um
693 687 724 744 iu
737 689 840 757 medii,

101 778 238 858 utrinque
250 779 331 859 regiis
343 782 426 840 iliaca
438 782 537 839 deutra
550 791 580 840 et
589 780 712 841 sinistra.
725 822 728 829 ⁴

343 1103 383 1143 un
396 1071 596 1143 unumunurn.

142 1262 175 1329 Q.
197 1260 278 1338 Quid
291 1268 335 1317 est
351 1259 572 1336 peritonaeum?

140 1355 177 1411 R.
198 1355 367 1412 Membrana
385 1353 481 1410 tenuis
500 1353 645 1431 densaque
664 1362 716 1425 est,
734 1357 765 1414 in
785 1357 842 1416 for·

102 1469 179 1506 snam
192 1449 266 1507 sacci
279 1448 368 1525 ampli
385 1467 530 1507 conversa„

140 1543 175 1608 Q.
197 1543 255 1602 Dic
274 1542 347 1600 mihi
366 1542 494 1612 modum,
516 1565 575 1623 quo
587 1546 786 1622 peritonaeum
798 1549 841 1606 fs-

101 1640 175 1697 ciem
188 1636 331 1696 internam
344 1636 504 1695 abdominis
515 1648 545 1696 et
558 1639 667 1698 viseers
685 1642 748 1718 ejus
761 1636 842 1699 ubte-

102 1736 175 1812 gat?

15 1829 16 1836 ’
141 1831 180 1888 R.
201 1829 495 1886 Peritonaeumsacco
508 1828 604 1904 amplo
619 1827 711 1884 simile
724 1839 777 1896 est,
793 1817 843 1886 eu'·

99 1925 149 2000 jus
161 1942 228 2001 pars
240 1923 365 1980 anterior
377 1923 478 1980 faciem
492 1925 636 1979 internum
648 1921 845 1981 musculorum

103 2016 329 2074 abdominalium
348 2017 467 2074 obducit
476 2040 486 2087 3
506 2036 573 2093 psrs
592 2016 720 2093 superior
741 2017 845 2077 faciem

103 2113 268 2170 inferiorem
279 2110 521 2187 diaphragmatis3
535 2112 674 2188 posterior
686 2113 785 2190 hepar,
797 2113 845 2172 cui

104 2205 260 2282 ligamenta
272 2204 332 2272 dat,
352 2205 554 2275 ventriculum,
574 2206 689 2277 lienem,
709 2208 846 2266 intestina

103 2299 201 2357 omnis
220 2298 352 2366 involvit,
366 2309 452 2376 atque
465 2301 574 2378 duplex
588 2302 791 2359 mesenterium
803 2302 846 2358 fs·

103 2393 163 2463 cit3
183 2413 267 2451 renes
291 2392 388 2462 etiam,
410 2395 536 2452 fundum
556 2386 631 2453 ut'eri
652 2392 845 2464 inueniris,

102 2488 288 2564 fundumque
306 2487 418 2545 vesicae
432 2489 532 2547 urinae
544 2489 695 2564 utriusque
708 2487 791 2544 sexis
804 2496 847 2545 te·

104 2582 170 2656 git;
188 2582 292 2658 hisque
311 2582 445 2641 omnibus
464 2583 593 2640 tunicum
613 2591 761 2640 externam
773 2581 846 2658 lige«

104 2686 260 2754 mentuque
274 2676 333 2746 dat,
347 2677 453 2754 quibus
466 2678 497 2734 in
508 2678 566 2735 situ
579 2686 741 2734 teneantur.

146 2770 180 2837 Q.
202 2773 286 2848 Quae
299 2781 342 2830 est
353 2760 461 2830 fabrice
473 2771 653 2848 peritonsei?

144 2864 182 2921 R.
204 2864 406 2924 Peritonseum
419 2865 448 2923 vi
465 2849 592 2923 maximi
610 2865 795 2927 distendendi
808 2877 850 2927 εει

106 2976 163 3035 que
182 2958 327 3019 resiliendi
346 2960 511 3038 praeditum
531 2969 592 3033 est3
616 2960 702 3023 facies
720 2964 782 3040 ejus
799 2983 849 3020 ex.
