2000 3450
168 256 226 311 288
332 266 371 307 uu
386 258 562 317 vauiuufea
577 261 744 306 coucaauu.

166 448 170 453 .
212 394 246 460 Q.
268 393 348 464 Quid
361 392 399 471 ‹le
412 392 489 450 tubis
503 388 676 465 Fallopianis
689 385 826 443 memoria
844 384 920 461 dig.

168 507 243 547 uum
257 489 321 546 est?

212 581 250 639 R.
275 581 369 639 Tabae
383 581 562 658 Fallopianae
581 578 654 635 duae
668 577 699 633 in
712 574 865 632 cavitatem
877 593 919 629 u-

172 673 228 731 teri
247 674 384 751 utrinque
402 659 484 735 hiant
506 692 558 750 per
576 692 625 729 ora
646 670 820 748 perexigua:
844 669 920 727 inde

174 776 296 843 utraque
319 767 471 825 convoluta
484 785 584 824 versus
602 767 691 822 latera
702 763 796 840 pelvis
808 764 917 833 tendit,

176 860 268 937 major
280 862 429 938 majorque
442 861 484 929 fit,
497 859 569 919 dum
583 879 673 937 prope
684 858 772 915 finem
783 857 847 933 ejus
860 857 920 915 ite-

175 973 239 1015 rum
254 955 440 1031 compressior
453 955 548 1013 subita
561 964 614 1022 est,
636 963 723 1031 atque
740 954 774 1009 in
791 951 919 1009 fimbriis

176 1047 291 1118 desinit,
313 1069 389 1127 quae
411 1050 511 1109 ovatio
531 1049 661 1125 ejusdem
683 1047 779 1105 lateris
802 1046 917 1105 vicinae

174 1151 251 1200 aunt.
503 1212 505 1214 q

218 1238 253 1302 Q.
272 1238 347 1309 Quis
360 1240 431 1298 situs
444 1250 487 1297 est
500 1239 642 1314 vaginae?
723 1286 725 1290 .

217 1335 256 1392 R.
280 1333 418 1410 Vaginua
433 1334 544 1391 cervice
557 1334 631 1391 uteri
649 1335 687 1390 ad
705 1341 801 1410 partes
821 1341 919 1389 exter·

157 1500 160 1505 „
176 1446 229 1484 nas
242 1446 334 1503 usque
346 1439 469 1497 extenta,
489 1430 565 1486 inter
578 1429 702 1486 vesicam
721 1436 755 1484 et*
768 1427 918 1484 urethaam

179 1522 255 1584 ante,
268 1529 355 1596 atque
367 1523 537 1602 intestinum
559 1531 669 1578 rectum
691 1523 765 1598 pone
786 1522 839 1577 sita
858 1532 917 1588 est,

178 1632 246 1670 cum
268 1615 373 1690 quibus
396 1616 560 1674 substantia
579 1615 705 1674 cellulari
727 1615 919 1674 connectitur.

179 1708 249 1767 Para
263 1709 326 1787 ejua
340 1711 468 1788 superior
480 1712 620 1779 cervicem
634 1710 708 1788 uteri
721 1710 821 1788 cingit,
832 1710 921 1788 eique

181 1804 293 1864 fortiter
305 1804 440 1864 adhaeret
448 1829 460 1875 3,
471 1826 504 1863 oa
517 1807 592 1864 uteri
607 1806 638 1863 in
651 1806 784 1881 vaginam
797 1807 839 1863 ibi
853 1827 921 1883 pro-

149 1936 153 1941 ι
178 1897 277 1957 minei
340 1923 347 1935 ·
539 1947 542 1954 .

220 1992 258 2057 Q.
279 1993 373 2064 Quam
388 1995 654 2052 structuramhabet
667 1995 789 2070 vagina?

221 2088 260 2144 R.
274 2079 420 2166 Structura
431 2088 548 2165 vagina·
557 2097 600 2145 est
609 2086 779 2155 musculosa,
787 2096 818 2144 et
826 2107 920 2146 mem·
979 2095 980 2098 ’

181 2184 271 2244 lirani
284 2183 398 2238 mucosa
408 2180 489 2238 'intus
499 2181 655 2258 obtegitur,
668 2181 722 2237 sub
735 2184 792 2257 qua
804 2179 920 2239 follicu-

183 2277 205 2334 li
219 2277 335 2354 plurimi
345 2277 393 2335 siti
405 2286 482 2344 aunt,
495 2294 670 2353 mecumque
681 2276 720 2333 ad
731 2275 860 2333 canalem
873 2277 920 2333 lu.

185 2375 354 2434 brieandum
377 2371 536 2430 effundunt.
575 2371 619 2427 Ea
641 2370 806 2427 membrana
826 2370 919 2427 facilia

184 2480 216 2528 et
227 2469 319 2530 soluta
331 2463 362 2524 iu
374 2466 535 2542 virginibus
550 2484 636 2541 rugas
654 2464 819 2521 innumeras
841 2464 920 2520 varie

186 2564 336 2641 dispositae
355 2561 432 2630 fauit,
455 2581 530 2637 quae
547 2571 642 2618 tamen
655 2568 721 2635 post
732 2558 841 2636 aliquot
853 2578 921 2634 par-

185 2670 233 2717 tus
245 2659 303 2715 fare
315 2666 496 2713 evanescunt.
536 2655 538 2660 ’

225 2752 259 2815 Q.
279 2751 393 2821 Quibus
405 2748 563 2807 commodis
575 2748 628 2804 hae
638 2757 732 2823 partes
744 2744 921 2802 inserviunt?

144 2897 148 2902 ,
226 2845 262 2900 R.
284 2843 685 2920 Vaginaeai'tummenstruis,
699 2839 918 2897 etfoeluietiam
