2000 3450
171 235 227 289 208
394 251 433 295 nu
448 249 534 299 uisis
548 251 675 292 iucruis

389 560 429 600 DE
443 559 527 600 VASIS
544 559 681 600 Lucrum.
711 598 713 604 .

113 780 116 784 -
205 739 241 804 Q.
263 738 386 817 Explica
398 740 470 797 mihi
482 749 579 797 ortum
594 758 725 797 vasorum
735 737 910 800 lacteorum?

205 835 243 892 R.
262 834 339 892 Vasa
353 833 443 890 lactea
456 833 493 890 ub
506 832 620 892 interrrd
634 831 783 910 superficie
792 833 910 913 vinterti-

165 945 268 985 norum
282 926 364 982 initia
376 926 505 1002 capiunt,
514 927 610 1004 jejuni
620 926 748 992 intestini
759 926 868 1002 majora
875 946 910 984 ac

165 1021 197 1076 in
210 1037 330 1076 numero
343 1019 436 1095 plura,
451 1021 538 1096 qudm
552 1020 600 1077 ilei
611 1028 686 1078 sunt.
707 1020 840 1090 Quorum
849 1019 912 1079 sin<

167 1114 236 1190 gule
259 1113 369 1170 tubulis
390 1113 572 1190 capillaribus
591 1114 684 1171 sormd
705 1113 851 1170 radiorum
873 1132 910 1170 ex

169 1207 292 1285 singulis
315 1207 390 1265 villis
414 1208 556 1277 oriuntur,
579 1228 631 1284 per
651 1208 762 1265 tunicas
781 1205 911 1262 intestini

167 1301 283 1378 oblique
307 1310 466 1371 transeunt,
494 1302 549 1359 ulia
575 1321 642 1360 cum
668 1301 730 1358 aliis
756 1299 911 1376 conjuncta

168 1394 270 1469 plexus
292 1394 417 1451 formant
440 1395 589 1470 plurimae,
614 1395 665 1471 qui
690 1394 765 1451 inter
789 1392 910 1450 laminas

169 1487 333 1543 mesenterii
346 1486 543 1544 includuntur.

209 1577 244 1644 Q.
266 1580 321 1636 Per
333 1599 402 1658 quas
411 1572 558 1660 glandulas
570 1591 720 1641 transeunt
734 1582 843 1639 lactea?
855 1620 857 1625 ,

208 1674 246 1733 R.
267 1674 381 1744 Lactea,
394 1684 554 1753 postquam
566 1696 584 1733 a
596 1676 744 1754 principiis
757 1674 816 1733 suis
828 1672 911 1731 circi·

170 1780 214 1830 ter
234 1771 307 1828 duos
329 1760 551 1848 tresvedigitos
572 1780 747 1828 transversos
768 1770 912 1826 abscesse-

135 1917 139 1930 ,
170 1871 247 1933 runt,
272 1863 303 1919 in
321 1861 471 1939 glandulas
493 1863 699 1921 mesente'ricas‘
710 1859 912 1936 magnitudine

170 1956 520 2024 diversasfinterlaminar
528 1953 912 2030 mesenteriiinadipesitas‚

169 2049 382 2125 ingrediuntur,
406 2070 443 2108 ex
463 2051 527 2110 aliis
546 2050 577 2107 in
590 2049 658 2105 alias
672 2048 777 2106 iterum
790 2047 911 2104 iterum·
925 2125 927 2128 Ι

170 2148 228 2216 que'
249 2151 406 2211 transeunt,
428 2144 534 2220 quibus
557 2141 659 2219 chylus
681 2142 799 2200 sortasse
818 2138 912 2217 magis
987 2199 991 2205 ,

169 2233 318 2312 magisque
331 2255 421 2312 purus
434 2237 572 2294 redditur.

144 2365 149 2374 =
208 2330 243 2393 Q.
264 2332 332 2405 Quo
344 2330 431 2388 lactea
445 2349 560 2388 cursum
573 2329 723 2405 dirigunt?

206 2423 244 2481 R.
265 2423 339 2481 Vasa
352 2424 441 2482 lactea
453 2422 588 2491 duodeni,
599 2422 702 2499 jejuni,
723 2431 753 2479 et
765 2421 823 2492 ilei,
843 2431 909 2499 post

167 2518 331 2575 innumeras
344 2517 568 2595 conjunctiones,
583 2517 688 2594 quibus
697 2516 806 2591 majora
815 2516 909 2593 mejo-

166 2630 254 2686 reque
262 2610 346 2679 fiunt,
356 2611 472 2668 tandem
480 2610 552 2668 duos
560 2621 653 2667 tresve
661 2619 777 2674 truncus
786 2609 911 2675 faciunt,

123 2702 127 2710 '
166 2703 217 2776 qui
228 2704 361 2761 arteriam
370 2704 585 2761 mesentericam
594 2704 769 2779 superiorem
780 2721 908 2779 sequun.

165 2803 222 2861 tur,
239 2807 325 2871 atque
337 2797 373 2854 ad
387 2797 520 2855 dextrum
532 2798 607 2855 latus
620 2807 715 2855 nortae
724 2796 802 2872 apud
813 2805 908 2853 verte·

164 2886 245 2944 bram
255 2887 418 2948 lumborum
428 2891 542 2948 tertiam
552 2889 699 2967 conjuncti
708 2890 825 2949 initium
835 2889 905 2948 duc·
