2000 3450
309 258 348 306 ur
362 257 590 307 nuseium-rcum
765 249 819 306 103

70 389 216 464 nicasius
223 388 395 446 elevandum
402 390 559 468 adjurium
574 388 642 466 quia
648 397 711 446 tum
721 388 817 459 homo,

70 503 141 541 cum
151 484 287 560 spiritum
294 483 389 551 trahit,
398 484 533 542 humeros
541 484 618 541 haud
625 482 727 561 parum
734 483 818 541 tollit.

114 578 153 641 Q.
174 577 289 648 Quibus
301 577 394 636 modis
406 578 542 654 spiritum
554 577 732 635 emittimus?
816 575 819 580 ’

113 672 154 728 R.
174 672 250 728 Cum
263 671 396 747 spiritum
413 672 584 740 emittimus,
604 673 718 730 musculi
737 673 819 748 abdue

39 757 45 765 ’
73 764 167 833 runis,
189 765 291 821 serrati
305 765 407 841 postici
429 766 583 841 iuferiora,
603 775 632 823 et
654 768 819 826 sucro-lum-

74 856 158 926 balcs,
171 877 234 916 sese
246 858 426 926 contrahunt,
441 866 479 926 et,
491 858 629 916 musculis
642 860 717 918 inter
727 869 819 930 costas

74 960 104 1008 et
117 950 335 1028 diaphrugmate
347 951 467 1028 aliisque
478 963 563 1030 autea
580 952 663 1010 dictis
676 955 818 1025 relaxatis,

74 1057 168 1105 costas
182 1048 357 1123 deprimunt,
377 1048 521 1105 thoracem
538 1048 684 1118 minuunt,
704 1051 819 1108 eodem·

76 1161 133 1218 que
145 1153 277 1218 tempore
288 1150 353 1199 acra
365 1140 577 1216 epulmonibus
589 1143 745 1217 expellunt„
764 1144 819 1200 Vis
890 1189 900 1210 ,

76 1234 332 1306 etiarn‚verieimile
339 1245 390 1303 est,
396 1233 541 1290 resiliendi
551 1234 749 1310 cartilaginum
758 1254 821 1293 cos·

75 1339 180 1398 tarum,
190 1329 364 1406 mediastini,
374 1328 584 1405 etpulmonum
595 1327 733 1405 ipsorum,
747 1327 821 1385 nihil

76 1423 114 1480 ad
127 1434 220 1481 costae
232 1422 453 1500 deprimendum
466 1420 603 1498 adjuvare
615 1440 674 1479 nou
686 1430 790 1499 potest.

117 1516 151 1582 Q
173 1519 240 1592 Qua
252 1516 363 1574 ratione
374 1514 588 1593 nmceusfoetur
596 1516 724 1592 primum
734 1501 818 1593 §piri

76 1619 138 1667 tum
152 1610 257 1668 ducere
269 1610 392 1688 incipit?

115 1704 153 1763 R.
175 1703 297 1762 Ratio
271 1725 334 1782 ejus
347 1706 422 1764 certe
432 1701 576 1781 complex5
587 1712 616 1762 et
625 1701 703 1762 haud
716 1699 819 1809 parlim

77 1799 198 1858 obscura
211 1808 264 1866 est,
278 1800 328 1857 sed
340 1821 358 1857 a
367 1799 547 1867 commercio,
561 1797 640 1874 quod
649 1797 732 1854 nervi
743 1796 821 1889 inter

78 1912 108 1949 re
120 1893 225 1949 diversi
238 1894 354 1963 habent,
367 1892 486 1952 omnino
498 1892 615 1969 pendet.

116 1986 150 2051 Q.
173 1987 266 2044 Narra
277 1986 349 2044 mihi
362 1988 392 2045 id
406 1985 610 2044 commercium
622 1986 798 2043 nervorum?

117 2080 154 2137 R.
175 2079 289 2136 Ramuli
309 2099 465 2138 nervorum
483 2079 602 2156 piurimi
615 2079 732 2137 secundi
746 2076 820 2137 rami

80 2174 172 2252 quinti
190 2174 276 2251 paris,
297 2174 348 2251 qui
367 2173 510 2231 ramulum
530 2173 621 2231 canali
640 2173 763 2231 carotico
782 2169 820 2231 ad

80 2268 320 2346 sympatheticum
329 2287 470 2345 magnum
483 2261 677 2337 formandum,
696 2264 820 2323 alterum

79 2362 405 2438 aquaeductuiFallopii
416 2360 451 2417 ad
464 2362 626 2439 portionem
639 2360 741 2417 duram
755 2379 820 2436 sep·

79 2457 141 2513 timi
153 2456 230 2534 paris
240 2454 433 2533 jungendum,
448 2453 573 2524 emitum
594 2462 623 2511 et
634 2453 753 2530 plurimi
766 2452 821 2509 cti·

80 2571 125 2609 am
132 2564 327 2609 extremorum
334 2551 473 2628 portionis
481 2552 569 2609 durae
576 2549 666 2625 ipsius
675 2567 728 2625 per
736 2565 819 2605 nares

80 2645 245 2725 circumque
257 2666 289 2704 os
299 2646 519 2705 distribuuntur.
559 2642 673 2702 Remuli
687 2642 781 2720 quinti
791 2651 821 2700 et

81 2740 192 2815 sepum
205 2741 282 2818 paru
295 2727 566 2799 infacie'uberrimu
579 2738 654 2795 inter
667 2757 727 2797 sese
740 2758 818 2798 eom-

79 2835 236 2905 municunt‚
260 2854 383 2912 quorum
402 2834 563 2913 complures
582 2832 768 2904 descendunt,
789 2844 819 2890 et

81 2926 154 2986 circu
172 2929 289 3017 arteriae
308 2929 447 2991 carotidas
466 2937 597 2990 externas
617 2949 683 2991 cum
702 2927 822 2993 ramulis
