2000 3450
271 309 311 349 na
324 311 530 354 coucocriouu
546 314 688 357 ciaonuu.
791 304 846 365 199

145 434 185 490 R.
205 434 406 492 contractione
420 434 556 493 libiarum
569 438 794 496 musculosarum
808 439 846 496 de

107 547 186 584 more
199 528 380 596 circulorum,
392 540 421 585 et
433 530 605 588 relaxatione
614 550 713 588 earum
721 533 847 590 vicissim

105 622 136 677 in
149 622 362 699 longitudinem
375 623 587 699 dispositarum,
600 627 736 684 intestina
747 628 847 686 tenuia

104 716 295 791 potissimum,
316 727 403 793 atque
420 736 514 776 crassa
525 719 621 788 etiam,
642 721 766 778 motibus
780 710 845 798 per·

23 862 24 865 ,
102 811 199 885 petuis
212 812 365 888 agitantur,
384 812 434 888 qui
448 814 589 872 vermium
602 814 728 873 motibus
737 816 844 877 similes

102 905 192 979 uulgo
215 905 382 980 peristaltici
404 906 594 982 appellantur,
622 909 736 985 quibus,
763 913 843 988 quod

101 999 279 1069 contineant,
292 1000 322 1057 id
336 1000 421 1059 modo
431 1001 538 1058 tardius
551 1003 641 1081 modo¹
648 1004 766 1064 celerius
775 1025 843 1084 pro-

100 1091 222 1168 pellunt.

208 1402 249 1443 DE
262 1400 472 1442 concocrloutt
486 1400 722 1443 atluzurottuu.

137 1560 171 1625 Q:
194 1559 329 1636 Quidfit,
349 1559 519 1637 priusquam
532 1559 589 1617 eibi
602 1558 633 1616 in
646 1561 839 1620 ventriculum

95 1652 309 1712 demittantur?

135 1750 174 1807 R.
195 1750 299 1806 Cibum
313 1750 395 1808 labiis
407 1748 624 1826 prehendimus,
637 1749 668 1804 in
681 1768 730 1805 ore
737 1748 839 1824 lingui

95 1839 249 1911 volvimus,
268 1839 404 1901 dentibus
424 1841 595 1917 subigimus,
615 1839 704 1897 saliua
726 1842 839 1917 copiosi

95 1947 184 2014 atque
197 1956 282 1995 niueo
296 1938 415 1994 mistum
430 1937 461 1993 in
474 1954 596 1993 massam
612 1934 729 1992 mollein
742 1934 838 1992 hurni-

94 2030 221 2107 ‹lamque
239 2031 406 2107 redigimus,
427 2049 515 2107 quam
534 2028 705 2085 retractione
722 2029 839 2106 linguae

94 2123 241 2200 pharyugi
254 2125 403 2193 tradimus,
417 2134 452 2182 ut
464 2124 527 2201 ejus
541 2107 734 2181 contractione
746 2123 777 2181 in
791 2144 838 2181 oe·

95 2218 265 2295 sophagum,
279 2217 385 2274 deinde
399 2216 430 2273 in
451 2215 646 2273 ventriculum
664 2215 836 2275 descendat:

96 2311 128 2367 in
140 2309 343 2368 descendendo
355 2311 437 2368 cibus
449 2327 535 2366 muco
544 2307 703 2387 pharyngis
716 2317 746 2365 et
759 2327 838 2365 oeso-

95 2404 188 2482 phagi
203 2406 352 2462 miscetur.
721 2403 723 2408 ‘

133 2499 169 2566 Q.
200 2500 284 2578 Quae
309 2499 430 2558 theoriae
455 2498 638 2558 evacuationis
665 2494 835 2573 praecipuae

94 2597 186 2650 aunt?
675 2607 686 2654 r

131 2689 170 2747 It.
191 2688 414 2747 Concoctionem
434 2689 466 2745 in
485 2685 639 2745 ventriculi
655 2685 718 2742 fieri
734 2684 836 2754 ealore,

90 2780 249 2859 agitatione
262 2792 291 2839 et
304 2783 416 2851 tritura,
430 2781 661 2848 fermentatione,
675 2788 705 2838 et
718 2778 835 2838 demum

90 2875 179 2962 succo
194 2876 346 2944 ventriculi
355 2876 481 2956 proprio,
496 2886 631 2954 putatum
644 2883 695 2933 est.
