2000 3450
166 251 205 312 92
448 265 488 307 nn
503 264 649 307 ιωιιιιιςν
717 267 721 276 ·

19 423 23 430 -
58 447 60 452 ,
167 386 231 444 aliia
243 390 356 457 coeunt,
377 395 407 445 et
419 388 525 448 duetus
538 387 834 466 quosdam'emittuut,
855 389 908 466 qui
960 423 963 425 v

168 480 264 558 tubuli
277 481 398 540 laetiferi
410 484 498 561 vulgo
507 483 655 553 nominati,
665 484 816 542 humorem
824 482 909 560 giun-

169 573 252 632 dulaa
261 574 292 632 in
301 574 370 633 alias
378 577 497 647 vehunt,
509 578 616 654 quibus
626 577 814 636 mutationem
821 577 910 635 alium

170 668 258 727 subit
296 670 457 729 Glandulae
469 671 559 748 igitur
571 670 643 728 uliae
660 672 833 730 mutationes
852 670 908 728 hu·

169 764 258 823 moris
271 763 339 822 alias
353 766 459 822 sensim
467 761 587 834 faoiunt,
601 773 631 821 et
640 764 817 841 pertubulos
826 764 910 823 leoti-

168 860 246 917 ἠως
258 878 325 917 eum
344 858 416 926 nus,
438 868 505 934 post
523 857 601 928 alm,
620 842 767 934 'gindus
785 858 910 936 conjun-

169 961 289 1028 guntur,
303 952 374 1009 dum
387 952 499 1011 actione
512 953 714 1029 glandularum
733 954 778 1011 loe
797 951 910 1013 bonum

168 1054 199 1102 et
211 1044 335 1102 solutore
346 1046 404 1115 fiat,
418 1046 497 1122 quod
509 1046 604 1104 tubuli
622 1046 744 1104 laetiferi
762 1065 816 1124 pro
831 1056 911 1105 tem·

168 1158 239 1217 pure
250 1139 409 1211 continent,
422 1148 453 1197 et
464 1139 496 1197 in
508 1138 646 1217 pupilium
653 1139 778 1216 denique
786 1139 910 1210 vehunt,

168 1232 201 1291 in
214 1236 272 1312 qud
284 1232 442 1312 admodum
454 1231 576 1292 tortuosi
589 1240 668 1303 sunt,
683 1241 770 1310 atque
781 1231 814 1291 in
824 1234 911 1311 spioe

113 1363 115 1366 v
168 1329 231 1407 ejus
244 1336 404 1406 patescunt.

207 1422 244 1487 Q.
264 1422 348 1493 Quae
359 1440 427 1479 vasa
437 1428 469 1479 et
480 1421 563 1478 nervi
575 1420 607 1478 in
619 1439 758 1480 mammas
769 1422 897 1483 ineunt?
957 1449 965 1457 ·

205 1518 245 1576 R.
258 1515 389 1575 Arteriae
398 1515 581 1574 mammariue
590 1516 729 1585 internae,
739 1517 911 1593 praesertim

167 1618 265 1669 autem
276 1617 421 1679 externae,
441 1609 574 1667 mammis
586 1608 757 1686 sangninem
770 1611 912 1687 suppedi-

167 1713 239 1776 tent,
244 1712 274 1764 et
283 1704 365 1763 venis
373 1705 503 1783 ejusdem
510 1704 636 1763 nominis
645 1703 910 1784 comitantur‚qune

166 1800 337 1879 sanguinem
350 1800 503 1859 revehunt.
545 1800 684 1878 Pleraque
702 1818 836 1858 vasorum
856 1803 911 1860 ab·

167 1896 344 1956 soi-bentium
357 1896 388 1953 in
398 1895 550 1973 glandulas
558 1894 659 1952 aaillae
667 1894 778 1964 ineunt,
791 1894 911 1972 aliapet
942 1884 945 1893 ’

165 1991 320 2049 interstitia
331 1999 474 2047 costarum
494 1998 676 2067 percurrunt,
696 1987 911 2067 glandulasque

155 2085 292 2143 intemas
300 2084 513 2162 ingrediuntur.
527 2084 617 2141 Nervi
625 2102 816 2141 mammarum
822 2102 911 2161 prae-

165 2178 250 2255 cipue
262 2197 279 2234 e
291 2179 379 2255 plexu
391 2178 504 2248 axillae,
522 2187 553 2236 et
565 2177 650 2256 pauci
662 2177 748 2237 etiam
761 2196 798 2236 ex
817 2178 910 2238 inter.

164 2272 318 2333 oostalibus
331 2272 473 2332 oriuntur.
839 2332 846 2339 ,

207 2371 242 2438 Q.
263 2368 377 2440 Quibus
390 2367 548 2426 commodis
560 2386 702 2426 mammae
713 2367 876 2427 inserviunt
884 2368 908 2429 2*

203 2465 242 2523 R.
262 2463 407 2521 Mammae
419 2463 456 2521 ad
469 2463 514 2521 lac
526 2463 733 2520 secernendum
747 2462 908 2523 destinatae

166 2574 246 2627 sunt,
266 2566 296 2616 et
314 2557 404 2636 igitur
417 2556 449 2614 iu
462 2557 499 2615 iis
516 2566 633 2615 uterum
650 2555 819 2635 gerentibus
836 2552 908 2634 pius

164 2652 313 2730 sanguinis
324 2653 478 2730 accipiunt,
492 2671 551 2729 quo
560 2651 747 2710 laoextremis
756 2653 908 2711 mensibus

166 2756 324 2819 secernant,
338 2746 819 2825 tubulosquelsetiferosimpleant.
841 2738 912 2807 Lae

164 2849 271 2912 tumen,
284 2841 393 2921 quippe
405 2842 484 2921 quod
497 2861 531 2902 eo
543 2851 672 2922 tempore
684 2842 788 2901 inutile
796 2841 902 2913 siteb-
