2000 3450
319 286 361 327 ur
376 285 433 325 usu
447 285 576 327 serenis.
767 260 823 332 183
884 308 886 312 ι

110 412 151 478 Q.
172 410 325 485 Quomodo
338 411 420 489 splen
433 408 587 468 ventriculi
600 412 723 471 officium
737 410 819 491 adju.

74 523 142 562 nare
155 505 264 583 possit?

115 599 152 657 R.
173 598 285 658 Arteria
304 598 424 676 splenico
443 586 499 676 pro
516 597 716 675 magnitudine
734 599 818 659 lienis

77 692 234 772 plurimum
253 692 399 770 sanguinis
419 693 456 751 ad
476 688 660 751 eum-versus
678 692 766 762 vehit,
786 695 819 753 in

77 787 179 845 itinere
192 788 254 864 ejus
267 796 362 844 tamen
381 807 448 845 voco
462 786 554 846 breuia
567 797 597 845 et
605 787 819 867 garico-epiplo-

76 883 144 941 ionm
171 881 311 939 sinistram
338 881 507 951 ventriculo,
539 882 666 958 aliasque
692 882 817 958 minores

77 974 222 1052 panrreati
243 974 357 1043 emittit,
380 973 494 1033 deinde
508 976 540 1033 in
562 977 662 1053 splene
672 975 818 1034 terminat.

77 1069 246 1128 ventriculo
258 1069 336 1126 inani
350 1068 410 1125 sive
424 1068 557 1147 collapso,
578 1072 694 1148 sanguis
714 1071 818 1129 circui*

75 1173 139 1222 tum
151 1164 214 1241 ejus
227 1163 289 1220 sine
301 1161 507 1238 impedimento
519 1182 571 1240 per
580 1164 709 1240 splenem
718 1174 818 1233 tenet;

77 1256 253 1316 uentriculus
265 1263 362 1312 autern
382 1255 453 1313 cibis
472 1256 609 1334 impletus
621 1256 726 1334 surgit,
743 1257 819 1333 ople-

76 1370 144 1409 nem
163 1349 247 1408 costis
267 1348 439 1425 comprimit,
461 1369 554 1429 eoque
576 1350 726 1409 circuitum
753 1351 817 1427 ejus

74 1445 182 1502 minuit
194 1454 224 1501 et
233 1442 443 1520 quodammodo
450 1443 581 1520 impedit,
591 1454 626 1502 et
634 1444 734 1502 eodem
744 1451 819 1501 tem-

76 1558 146 1617 pore
159 1537 269 1596 fluxum
279 1537 427 1615 sanguinis
435 1538 466 1595 in
474 1540 548 1597 vasis
558 1539 703 1610 brevibus,
714 1546 744 1597 et
752 1558 819 1616 gas·

76 1632 275 1709 tro-epiploion
287 1632 409 1702 sinistri,
416 1633 515 1691 'multo
527 1633 713 1709 copiosiorem
725 1642 755 1691 et
766 1652 819 1689 ex-

76 1728 247 1804 peditiorem
260 1727 365 1797 reddit,
379 1747 504 1806 quarum
517 1728 743 1785 extremitatibus
755 1737 818 1786 asc·

72 1842 125 1881 cua
130 1823 268 1901 goerricus
279 1823 372 1881 multo
384 1821 525 1901 copiosior
536 1820 702 1880 secernitur.

117 1918 152 1983 Q.
172 1918 279 1975 Nonne
287 1918 370 1994 splen
382 1916 543 1976 ventriculo
554 1915 632 1973 idem
642 1914 818 1983 officinam

77 2012 205 2069 vesicula
216 2011 292 2069 fellis
305 2011 412 2088 hepati,
426 2010 637 2088 quodammodo
646 2009 777 2087 perlicit?

118 2106 157 2164 R.
176 2106 269 2175 Certe,
283 2115 318 2162 ut
329 2106 408 2163 enim
417 2104 543 2164 vesicula
555 2103 630 2162 fellis
643 2105 730 2163 bilem
742 2103 774 2161 in
787 2123 818 2163 se

76 2200 160 2277 qussi
173 2200 396 2280 receptaculum,
409 2199 569 2256 ventriculo
578 2209 608 2256 et
616 2198 751 2257 duodeno
759 2199 819 2257 col.

76 2293 175 2370 lapsis,
188 2293 290 2370 recipit
296 2315 306 2364 3
325 2301 356 2349 et
367 2292 413 2349 his
425 2292 552 2370 impletis
564 2292 644 2349 illam
657 2291 774 2368 expellit
786 2291 819 2347 in

77 2388 245 2446 duodenum
252 2410 262 2458 ;
281 2387 322 2444 ita
334 2386 417 2463 splen
429 2386 598 2464 sangninem
611 2387 685 2461 pene
703 2402 819 2441 omnem

76 2481 162 2539 facile
173 2500 226 2559 per
238 2500 269 2539 se
281 2481 400 2539 transire
412 2480 547 2548 admittit,
567 2476 727 2536 ventriculo
739 2476 819 2533 inani

75 2584 110 2632 et
120 2575 255 2653 collapso,
269 2574 347 2652 quod
359 2589 438 2632 nnnc
447 2573 548 2650 parum
558 2571 707 2647 sanguinis
714 2570 744 2627 in
754 2584 824 2647 gas.'

78 2669 308 2746 tro-epiploioam
321 2667 464 2725 sinistram
481 2677 511 2724 et
529 2681 596 2723 vasa
614 2665 721 2723 brevia
731 2662 819 2723 fluere

73 2763 149 2821 sinit
159 2787 168 2834 ;
191 2767 292 2823 contri
304 2773 401 2821 autem
421 2761 582 2819 senniculo
600 2759 671 2817 cibis
690 2759 818 2835 impleto,

77 2857 162 2935 splen
175 2859 250 2915 inter
262 2858 453 2916 ventriculum
466 2865 495 2914 et
508 2864 599 2912 costas
608 2853 731 2911 multum
742 2871 820 2930 prea-

74 2970 128 3010 sua
138 2951 235 3011 multo
247 2951 342 3010 minis
355 2951 502 3029 sanguinis
514 2963 601 3018 nunc,
622 2950 710 3026 quim
728 2955 819 3012 antea,
