2000 3450
181 270 233 333 192
364 258 404 319 ns
419 275 586 320 rnrrsrruo
600 275 721 318 rsruno.

177 404 254 481 prios
277 403 307 460 in
328 403 496 461 duodenum
515 401 678 482 infundent,
699 401 803 478 quibus
823 421 917 462 messa
943 438 946 444 ι

176 497 353 555 alimentaria
366 498 528 556 misceatur.
548 496 726 555 Duodenum
736 515 850 574 quoque
860 497 917 554 iui-

177 590 249 649 tium
265 590 340 650 vasis
352 590 449 650 lacteis
462 590 519 649 dat.

358 866 360 872 s
452 815 491 855 us
506 814 627 856 tutuno.

217 973 249 1040 Q.
271 972 329 1031 Ubi
343 972 430 1030 situm
443 980 487 1029 est
500 972 662 1052 Jejunum?

212 1067 250 1123 R.
267 1068 303 1124 In
313 1076 394 1144 parte
408 1065 554 1143 superiore
566 1064 698 1135 umbilici
710 1064 834 1142 regionis
844 1066 912 1125 flex-

173 1179 208 1218 us
221 1159 278 1221 buc
291 1170 320 1218 et
333 1159 555 1236 illucplurimos
567 1158 647 1217 facit.

215 1254 249 1321 Q.
269 1253 338 1324 Quo
349 1254 381 1310 in
390 1246 457 1311 loco
465 1252 567 1330 incipit
576 1252 736 1331 jejunum?

117 1394 121 1402 .
215 1348 250 1404 lt.
264 1349 293 1404 A
303 1347 360 1403 fine
373 1330 509 1416 duodeniss
522 1346 573 1404 ubi
585 1346 786 1404 mesenterium
799 1348 911 1426 incipit,

172 1440 398 1517 intestinumque
418 1459 533 1498 movere
551 1439 619 1498 sinit
630 1440 667 1496 ad
680 1440 753 1498 letus
765 1442 913 1500 vertebra·

171 1519 236 1591 runi
250 1532 408 1600 sinistrum,
421 1533 538 1590 initium
551 1542 596 1591 est
604 1532 706 1611 jejuni.

210 1629 245 1696 Q.
266 1630 345 1701 Quot
358 1629 471 1688 tunicae
480 1629 575 1709 jejuni
589 1630 678 1689 sunt?

209 1725 246 1783 R.
268 1723 408 1796 Quatuor,
422 1725 538 1795 scilicet,
553 1723 758 1801 peritonaeolis,
778 1726 911 1785 mutulo-

156 1839 212 1890 -so,
225 1839 323 1880 nnvea
335 1818 396 1877 sive
409 1818 560 1887 cellularis,
574 1826 603 1876 et
616 1817 722 1877 villosa.

209 1912 244 1977 Q„
265 1911 345 1984 Quid
358 1912 390 1968 in
403 1912 475 1970 facIe
484 1911 578 1990 jejuni
590 1912 703 1971 interna
713 1912 836 1991 dignum
847 1933 909 1973 me-

170 2009 261 2067 morie
272 2008 336 2065 est?
670 2005 672 2008 ’

208 2103 245 2159 R.
269 2100 391 2159 Tunicae
403 2118 502 2158 nereca
515 2108 545 2158 et
557 2101 654 2161 viliora
666 2100 818 2181 ampliores
835 2101 908 2159 laxi.

168 2212 289 2271 oresque
308 2202 385 2261 sunt,
406 2202 436 2250 et
455 2192 584 2270 duplices
597 2196 635 2260 ¹in
652 2195 821 2254 intestinum
834 2214 908 2272 pen-

168 2289 248 2358 dent,
262 2286 361 2363 ibique
374 2286 498 2345 valenles
514 2287 654 2365 plurimus
666 2289 835 2348 conniventes
847 2289 908 2347 sor-

168 2370 248 2442 inunt
256 2403 265 2452 ς
285 2400 359 2459 quae
368 2379 553 2439 transversim
567 2380 720 2460 dispositae
733 2381 906 2440 circulorum

60 2501 82 2550 f
120 2464 123 2470 s
167 2467 263 2555 portes
281 2475 399 2544 faciunt,
425 2492 549 2551 quorum
568 2475 640 2535 fines
658 2476 727 2533 aden
746 2476 822 2533 inter
843 2493 907 2533 περ

166 2571 358 2637 insinuantur,
372 2576 405 2626 ut
417 2566 466 2623 elii
477 2566 540 2627 aliis
552 2568 584 2627 in
597 2570 698 2647 spatiis
710 2569 826 2627 alteruis
839 2587 907 2628 suc·

167 2666 278 2724 cedant.
911 2669 914 2678 ’

207 2757 241 2821 Q·
257 2758 337 2817 Num
345 2759 470 2820 multum
478 2758 557 2835 chyli
570 2758 601 2815 in
608 2757 710 2838 jejuno
718 2757 905 2815 absorbetur?

205 2848 242 2903 R.
262 2850 309 2935 Ibi
322 2860 390 2917 sunt
406 2851 547 2929 plurimae
566 2861 595 2909 et
614 2852 754 2909 maximae
774 2848 904 2908 valvulse

164 2938 359 3014 conniventes,
374 2943 405 3002 in
419 2944 524 3022 quibus
538 2964 587 3005 ors
600 2963 732 3006 vasorum
744 2944 902 3005 lucteorum
