2000 3450
184 251 224 306 50
369 264 408 305 na
423 251 550 307 amorne
564 242 733 306 ssaronurr
775 273 785 277 ¹*

273 446 313 488 DE
328 449 454 491 amoma.
468 449 638 491 NERVORUM
653 448 687 490 IN
702 444 823 512 Cluilio.

223 585 257 651 Q.
278 586 359 664 Quot
372 564 485 646 ordines
499 604 654 644 nervorum
667 605 684 643 e
697 584 822 658 ‘cerebrm'
844 604 928 647 cere-

182 681 267 751 bello,
282 690 310 738 et
323 681 449 741 medulla
462 681 624 758 oblongam,
638 679 791 741 oriuntur?

193 762 196 783 ³
222 775 259 833 R.
280 772 363 832 Paria
376 786 480 832 novem
492 790 658 841 nervorum,
678 770 730 849 qui
742 772 926 832 nominava.

182 864 225 926 ria
242 877 423 944 aeceperunt,
443 875 473 925 et
491 867 580 943 vulgi
594 886 610 924 a
623 876 705 944 parte
724 866 867 924 anteriore
886 854 930 926 sal

182 959 366 1038 posteriorem
380 959 489 1018 cerebri
503 968 736 1018 annumerantur.

124 1102 126 1115 .
222 1051 258 1119 Q.
278 1053 392 1126 Quibus
406 1054 536 1133 partibus
549 1052 658 1113 cerebri
671 1042 753 1111 nelii
765 1052 854 1132 primi
866 1053 926 1113 ori}

101 1143 104 1148 ’
182 1152 293 1208 untur?

221 1242 260 1302 R.
280 1241 372 1301 Nervi
384 1239 471 1320 primi
485 1243 570 1322 paria,
595 1240 712 1310 scilicet,
736 1237 885 1321 olfactorii,
906 1258 926 1300 e

181 1329 342 1414 &orporibua
353 1337 460 1396 atriolis
473 1337 616 1408 oriuntur,
629 1345 716 1414 atqne
728 1344 745 1395 a
758 1335 856 1394 cronio
870 1352 927 1413 pet

181 1430 322 1496 foramina
335 1430 459 1509 cribrosa
471 1428 542 1491 ossis
555 1429 712 1490 ethmoidei
724 1429 924 1508 spectionem

181 1513 436 1599 atqueinnaribus
446 1541 533 1600 super
541 1523 738 1582 membranam
745 1522 925 1600 pituitariam

182 1610 299 1672 'ramulis
312 1614 511 1674 minutissimis
525 1615 748 1686 distribuuntur,
770 1624 860 1693 atque
880 1615 923 1674 ibi

181 1727 310 1785 organon
322 1707 443 1768 olfactis
452 1709 641 1770 constituunt.

205 1801 255 1869 -.Q
276 1802 324 1863 Ex
351 1805 457 1885 quibus
480 1805 610 1886 partious
631 1804 765 1865 oriuntur
777 1802 923 1925 nervios*

182 1896 292 1958 cundi?

219 1992 258 2053 n.
278 1992 371 2052 Nervi
382 1991 502 2052 secundi
521 1992 606 2071 paris,
629 1992 676 2053 vel
687 1985 780 2074 optioi,
800 1995 923 2057 otiolo·

181 2088 233 2145 'rnir
251 2086 350 2166 optiois
368 2085 512 2160 oriuntur,
538 2095 625 2166 etque
643 2088 680 2146 ad
698 2097 811 2168 partem
836 2089 923 2150 sellae

179 2179 321 2239 Turcieae
339 2178 511 2240 anteriorem
527 2181 755 2260 oonjunguntur,
777 2185 807 2241 et
824 2177 862 2241 ad
882 2184 922 2244 si:

179 2271 375 2333 'militudinem
386 2272 486 2332 literae
498 2274 550 2332 X
540 2284 616 2334 mter
623 2295 685 2334 sese
695 2275 850 2335 transversi
856 2287 923 2337 cur-

178 2376 258 2437 runt,
278 2374 388 2448 perque
399 2366 540 2427 foramina
552 2368 647 2448 optioa
659 2388 677 2427 e
689 2368 786 2429 cranio
794 2367 921 2443 exeamt,

176 2459 309 2520 demde
298 2480 330 2519 m
343 2460 449 2519 retrnas
462 2481 524 2521 sese
536 2464 715 2541 expandunt
970 2459 973 2472 '

218 2554 255 2620 Q.
276 2555 366 2616 Unde
377 2556 459 2616 nervi
472 2557 550 2617 tertii
562 2558 715 2617 oriantur?
797 2569 800 2576 ’

174 2646 182 2656 '
218 2647 257 2706 R.
277 2647 369 2707 Nervi
381 2649 459 2709 tertii
473 2651 559 2730 paris,
580 2649 627 2709 vel
640 2657 754 2710 motorar
771 2648 919 2723 ommam

180 2744 337 2804 eiroribua
356 2745 461 2806 cerebri
469 2746 556 2824 juxta
568 2747 653 2805 tuber
665 2744 804 2803 annulare
821 2746 920 2830 oriun-

179 2848 238 2911 tur,
251 2850 339 2919 atque
351 2842 447 2902 cronio
454 2861 508 2921 per
516 2841 656 2902 foramina
664 2841 758 2901 lanera
766 2833 921 2921 egrediun-

179 2943 240 3010 tur,
260 2935 455 3016 miraculisque
476 2935 612 3001 omnibus
630 2940 788 3014 oculorum,
807 2946 918 3020 praeter
