<?xml version="1.0" encoding="UTF-8"?>
<!DOCTYPE html PUBLIC "-//W3C//DTD XHTML 1.0 Transitional//EN"
    "http://www.w3.org/TR/xhtml1/DTD/xhtml1-transitional.dtd">
<html xmlns="http://www.w3.org/1999/xhtml" xml:lang="en" lang="en">
 <head>
  <title>
</title>
<meta http-equiv="Content-Type" content="text/html;charset=utf-8" />
  <meta name='ocr-system' content='tesseract 3.04.00' />
  <meta name='ocr-capabilities' content='ocr_page ocr_carea ocr_par ocr_line ocrx_word'/>
</head>
<body>
  <div class='ocr_page' id='page_1' title='image "./colloquiaanatom01robegoog_0234.png"; bbox 0 0 2000 3450; ppageno 0'>
   <div class='ocr_carea' id='block_1_1' title="bbox 477 209 616 251">
    <p class='ocr_par' dir='ltr' id='par_1_1' title="bbox 477 209 616 251">
     <span class='ocr_line' id='line_1_1' title="bbox 477 209 616 251; baseline -0.007 -2"><span class='ocrx_word' id='word_1_1' title='bbox 477 209 518 249; x_wconf 73' lang='lat' dir='ltr'><strong>DE</strong></span> <span class='ocrx_word' id='word_1_2' title='bbox 532 209 616 251; x_wconf 72' lang='lat' dir='ltr'><strong>vasta</strong></span> 
     </span>
    </p>
   </div>
   <div class='ocr_carea' id='block_1_2' title="bbox 346 626 802 691">
    <p class='ocr_par' dir='ltr' id='par_1_2' title="bbox 346 626 802 691">
     <span class='ocr_line' id='line_1_2' title="bbox 346 626 802 691; baseline 0.018 -8"><span class='ocrx_word' id='word_1_3' title='bbox 346 643 386 685; x_wconf 84' lang='lat' dir='ltr'><strong>nr</strong></span> <span class='ocrx_word' id='word_1_4' title='bbox 399 626 747 691; x_wconf 71' lang='lat' dir='ltr'><strong>varrsmsosssrirraus·</strong></span> <span class='ocrx_word' id='word_1_5' title='bbox 798 680 802 691; x_wconf 84' lang='lat'><strong><em>.</em></strong></span> 
     </span>
    </p>
   </div>
   <div class='ocr_carea' id='block_1_3' title="bbox 173 799 916 1721">
    <p class='ocr_par' dir='ltr' id='par_1_3' title="bbox 175 799 916 955">
     <span class='ocr_line' id='line_1_3' title="bbox 218 799 916 872; baseline 0.004 -14"><span class='ocrx_word' id='word_1_6' title='bbox 218 801 253 868; x_wconf 79' lang='lat' dir='ltr'><strong>Q.</strong></span> <span class='ocrx_word' id='word_1_7' title='bbox 274 800 355 872; x_wconf 83' lang='lat' dir='ltr'><strong>Quae</strong></span> <span class='ocrx_word' id='word_1_8' title='bbox 368 799 405 858; x_wconf 90' lang='lat' dir='ltr'><strong>de</strong></span> <span class='ocrx_word' id='word_1_9' title='bbox 421 799 530 869; x_wconf 81' lang='lat' dir='ltr'><strong>fabrica</strong></span> <span class='ocrx_word' id='word_1_10' title='bbox 549 819 682 863; x_wconf 85' lang='lat' dir='ltr'><strong>vasorum</strong></span> <span class='ocrx_word' id='word_1_11' title='bbox 701 799 916 861; x_wconf 87' lang='lat' dir='ltr'><strong>absorbentium</strong></span> 
     </span>
     <span class='ocr_line' id='line_1_4' title="bbox 175 895 329 955; baseline 0.006 -3"><span class='ocrx_word' id='word_1_12' title='bbox 175 895 329 955; x_wconf 82' lang='lat' dir='ltr'><strong>observas?</strong></span> 
     </span>
    </p>

    <p class='ocr_par' dir='ltr' id='par_1_4' title="bbox 173 988 916 1721">
     <span class='ocr_line' id='line_1_5' title="bbox 214 988 914 1060; baseline 0.009 -13"><span class='ocrx_word' id='word_1_13' title='bbox 214 989 252 1047; x_wconf 85' lang='lat' dir='ltr'><strong>R.</strong></span> <span class='ocrx_word' id='word_1_14' title='bbox 273 988 348 1047; x_wconf 86' lang='lat' dir='ltr'><strong>Vasa</strong></span> <span class='ocrx_word' id='word_1_15' title='bbox 360 988 539 1047; x_wconf 78' lang='lat' dir='ltr'><strong>absorbentia</strong></span> <span class='ocrx_word' id='word_1_16' title='bbox 553 988 664 1055; x_wconf 82' lang='lat' dir='ltr'><strong>tunicas</strong></span> <span class='ocrx_word' id='word_1_17' title='bbox 677 988 785 1049; x_wconf 89' lang='lat' dir='ltr'><strong>habent</strong></span> <span class='ocrx_word' id='word_1_18' title='bbox 804 999 914 1060; x_wconf 75' lang='lat' dir='ltr'><strong>tenues,</strong></span> 
     </span>
     <span class='ocr_line' id='line_1_6' title="bbox 175 1081 915 1160; baseline 0.005 -23"><span class='ocrx_word' id='word_1_19' title='bbox 175 1081 342 1158; x_wconf 76' lang='lat' dir='ltr'><strong>pellucidae,</strong></span> <span class='ocrx_word' id='word_1_20' title='bbox 355 1081 406 1141; x_wconf 83' lang='lat' dir='ltr'><strong>aed</strong></span> <span class='ocrx_word' id='word_1_21' title='bbox 419 1082 528 1143; x_wconf 89' lang='lat' dir='ltr'><strong>validas</strong></span> <span class='ocrx_word' id='word_1_22' title='bbox 535 1105 545 1154; x_wconf 91' lang='lat'>;</span> <span class='ocrx_word' id='word_1_23' title='bbox 560 1100 633 1159; x_wconf 81' lang='lat' dir='ltr'><strong>quae</strong></span> <span class='ocrx_word' id='word_1_24' title='bbox 643 1101 701 1140; x_wconf 87' lang='lat' dir='ltr'><strong>non</strong></span> <span class='ocrx_word' id='word_1_25' title='bbox 711 1084 835 1159; x_wconf 78' lang='lat' dir='ltr'><strong>separari</strong></span> <span class='ocrx_word' id='word_1_26' title='bbox 847 1104 915 1160; x_wconf 82' lang='lat' dir='ltr'><strong>poa-</strong></span> 
     </span>
     <span class='ocr_line' id='line_1_7' title="bbox 176 1175 916 1245; baseline 0.003 -12"><span class='ocrx_word' id='word_1_27' title='bbox 176 1184 264 1245; x_wconf 87' lang='lat' dir='ltr'><strong>sunt;</strong></span> <span class='ocrx_word' id='word_1_28' title='bbox 288 1176 326 1234; x_wconf 88' lang='lat' dir='ltr'><strong>ob</strong></span> <span class='ocrx_word' id='word_1_29' title='bbox 345 1175 404 1233; x_wconf 87' lang='lat' dir='ltr'><strong>vim</strong></span> <span class='ocrx_word' id='word_1_30' title='bbox 417 1186 514 1235; x_wconf 84' lang='lat' dir='ltr'><strong>tamen</strong></span> <span class='ocrx_word' id='word_1_31' title='bbox 528 1175 714 1235; x_wconf 85' lang='lat' dir='ltr'><strong>contrahendi</strong></span> <span class='ocrx_word' id='word_1_32' title='bbox 727 1187 756 1234; x_wconf 87' lang='lat' dir='ltr'><strong>et</strong></span> <span class='ocrx_word' id='word_1_33' title='bbox 768 1177 916 1235; x_wconf 84' lang='lat' dir='ltr'><strong>resiliendi</strong></span> 
     </span>
     <span class='ocr_line' id='line_1_8' title="bbox 176 1270 914 1347; baseline 0.005 -19"><span class='ocrx_word' id='word_1_34' title='bbox 176 1270 274 1328; x_wconf 84' lang='lat' dir='ltr'><strong>tunica</strong></span> <span class='ocrx_word' id='word_1_35' title='bbox 286 1270 447 1329; x_wconf 82' lang='lat' dir='ltr'><strong>musculosa</strong></span> <span class='ocrx_word' id='word_1_36' title='bbox 458 1270 493 1328; x_wconf 86' lang='lat' dir='ltr'><strong>iis</strong></span> <span class='ocrx_word' id='word_1_37' title='bbox 506 1271 647 1347; x_wconf 82' lang='lat' dir='ltr'><strong>imputata</strong></span> <span class='ocrx_word' id='word_1_38' title='bbox 656 1280 716 1329; x_wconf 88' lang='lat' dir='ltr'><strong>est:</strong></span> <span class='ocrx_word' id='word_1_39' title='bbox 731 1290 747 1328; x_wconf 92' lang='lat' dir='ltr'><strong>e</strong></span> <span class='ocrx_word' id='word_1_40' title='bbox 758 1272 856 1331; x_wconf 68' lang='lat' dir='ltr'><strong>tunica</strong></span> <span class='ocrx_word' id='word_1_41' title='bbox 868 1271 914 1331; x_wconf 85' lang='lat' dir='ltr'><strong>in-</strong></span> 
     </span>
     <span class='ocr_line' id='line_1_9' title="bbox 175 1362 916 1423; baseline 0.003 -4"><span class='ocrx_word' id='word_1_42' title='bbox 175 1362 257 1423; x_wconf 69' lang='lat' dir='ltr'><strong>terni</strong></span> <span class='ocrx_word' id='word_1_43' title='bbox 269 1364 397 1421; x_wconf 85' lang='lat' dir='ltr'><strong>valvulae</strong></span> <span class='ocrx_word' id='word_1_44' title='bbox 404 1364 590 1421; x_wconf 84' lang='lat' dir='ltr'><strong>semilunares</strong></span> <span class='ocrx_word' id='word_1_45' title='bbox 599 1365 764 1422; x_wconf 86' lang='lat' dir='ltr'><strong>innumerae</strong></span> <span class='ocrx_word' id='word_1_46' title='bbox 775 1383 916 1423; x_wconf 86' lang='lat' dir='ltr'><strong>enascun-</strong></span> 
     </span>
     <span class='ocr_line' id='line_1_10' title="bbox 174 1456 914 1534; baseline -0.001 -20"><span class='ocrx_word' id='word_1_47' title='bbox 174 1467 231 1525; x_wconf 89' lang='lat' dir='ltr'><strong>tur,</strong></span> <span class='ocrx_word' id='word_1_48' title='bbox 246 1476 320 1534; x_wconf 94' lang='lat' dir='ltr'><strong>quae</strong></span> <span class='ocrx_word' id='word_1_49' title='bbox 332 1456 488 1514; x_wconf 80' lang='lat' dir='ltr'><strong>intervallis</strong></span> <span class='ocrx_word' id='word_1_50' title='bbox 508 1475 567 1514; x_wconf 88' lang='lat' dir='ltr'><strong>non</strong></span> <span class='ocrx_word' id='word_1_51' title='bbox 580 1459 702 1534; x_wconf 83' lang='lat' dir='ltr'><strong>magnis,</strong></span> <span class='ocrx_word' id='word_1_52' title='bbox 723 1458 807 1515; x_wconf 84' lang='lat' dir='ltr'><strong>binae</strong></span> <span class='ocrx_word' id='word_1_53' title='bbox 826 1456 914 1529; x_wconf 75' lang='lat' dir='ltr'><strong>simul</strong></span> 
     </span>
     <span class='ocr_line' id='line_1_11' title="bbox 174 1548 913 1626; baseline 0.003 -20"><span class='ocrx_word' id='word_1_54' title='bbox 174 1550 292 1626; x_wconf 86' lang='lat' dir='ltr'><strong>positae,</strong></span> <span class='ocrx_word' id='word_1_55' title='bbox 305 1548 454 1626; x_wconf 85' lang='lat' dir='ltr'><strong>lympham</strong></span> <span class='ocrx_word' id='word_1_56' title='bbox 467 1548 504 1606; x_wconf 90' lang='lat' dir='ltr'><strong>ad</strong></span> <span class='ocrx_word' id='word_1_57' title='bbox 517 1551 710 1611; x_wconf 85' lang='lat' dir='ltr'><strong>extremitates</strong></span> <span class='ocrx_word' id='word_1_58' title='bbox 722 1553 839 1609; x_wconf 87' lang='lat' dir='ltr'><strong>refluere</strong></span> <span class='ocrx_word' id='word_1_59' title='bbox 850 1568 913 1609; x_wconf 91' lang='lat' dir='ltr'><strong>non</strong></span> 
     </span>
     <span class='ocr_line' id='line_1_12' title="bbox 173 1644 436 1721; baseline -0.004 -19"><span class='ocrx_word' id='word_1_60' title='bbox 173 1644 332 1721; x_wconf 90' lang='lat' dir='ltr'><strong>patiuntur.</strong></span> <span class='ocrx_word' id='word_1_61' title='bbox 433 1708 436 1711; x_wconf 54' lang='grc'>,</span> 
     </span>
    </p>
   </div>
   <div class='ocr_carea' id='block_1_4' title="bbox 216 1738 620 1817">
    <p class='ocr_par' dir='ltr' id='par_1_5' title="bbox 216 1738 620 1817">
     <span class='ocr_line' id='line_1_13' title="bbox 216 1738 620 1817; baseline -0.002 -17"><span class='ocrx_word' id='word_1_62' title='bbox 216 1740 251 1807; x_wconf 79' lang='lat' dir='ltr'><strong>Q.</strong></span> <span class='ocrx_word' id='word_1_63' title='bbox 272 1740 334 1800; x_wconf 90' lang='lat' dir='ltr'><strong>Ubi</strong></span> <span class='ocrx_word' id='word_1_64' title='bbox 347 1738 472 1817; x_wconf 80' lang='lat' dir='ltr'><strong>origines</strong></span> <span class='ocrx_word' id='word_1_65' title='bbox 485 1740 620 1806; x_wconf 85' lang='lat' dir='ltr'><strong>ducunt?</strong></span> 
     </span>
    </p>
   </div>
   <div class='ocr_carea' id='block_1_5' title="bbox 82 1834 916 1906">
    <p class='ocr_par' dir='ltr' id='par_1_6' title="bbox 82 1834 916 1906">
     <span class='ocr_line' id='line_1_14' title="bbox 82 1834 916 1906; baseline -0.005 -11"><span class='ocrx_word' id='word_1_66' title='bbox 82 1857 88 1862; x_wconf 90' lang='lat'><strong>·</strong></span> <span class='ocrx_word' id='word_1_67' title='bbox 116 1872 119 1877; x_wconf 93' lang='lat'><em>-</em></span> <span class='ocrx_word' id='word_1_68' title='bbox 214 1836 252 1894; x_wconf 86' lang='lat' dir='ltr'><strong>R.</strong></span> <span class='ocrx_word' id='word_1_69' title='bbox 272 1836 349 1898; x_wconf 84' lang='lat' dir='ltr'><strong>Vasa</strong></span> <span class='ocrx_word' id='word_1_70' title='bbox 370 1834 551 1902; x_wconf 68' lang='lat' dir='ltr'><strong>absorbentia</strong></span> <span class='ocrx_word' id='word_1_71' title='bbox 569 1855 586 1894; x_wconf 92' lang='lat' dir='ltr'><strong>a</strong></span> <span class='ocrx_word' id='word_1_72' title='bbox 605 1837 717 1894; x_wconf 67' lang='lat' dir='ltr'><strong>summi</strong></span> <span class='ocrx_word' id='word_1_73' title='bbox 738 1841 813 1906; x_wconf 85' lang='lat' dir='ltr'><strong>cute,</strong></span> <span class='ocrx_word' id='word_1_74' title='bbox 837 1834 916 1893; x_wconf 80' lang='lat' dir='ltr'><strong>aevis</strong></span> 
     </span>
    </p>
   </div>
   <div class='ocr_carea' id='block_1_6' title="bbox 175 1928 916 2853">
    <p class='ocr_par' dir='ltr' id='par_1_7' title="bbox 175 1928 916 2192">
     <span class='ocr_line' id='line_1_15' title="bbox 175 1928 916 2005; baseline -0.004 -16"><span class='ocrx_word' id='word_1_75' title='bbox 175 1930 310 1989; x_wconf 90' lang='lat' dir='ltr'><strong>omnibus</strong></span> <span class='ocrx_word' id='word_1_76' title='bbox 320 1930 454 2005; x_wconf 84' lang='lat' dir='ltr'><strong>corporis,</strong></span> <span class='ocrx_word' id='word_1_77' title='bbox 468 1947 535 1990; x_wconf 83' lang='lat' dir='ltr'><strong>oum</strong></span> <span class='ocrx_word' id='word_1_78' title='bbox 543 1928 694 2005; x_wconf 81' lang='lat' dir='ltr'><strong>superficie</strong></span> <span class='ocrx_word' id='word_1_79' title='bbox 705 1938 769 1988; x_wconf 89' lang='lat' dir='ltr'><strong>tum</strong></span> <span class='ocrx_word' id='word_1_80' title='bbox 781 1928 916 1986; x_wconf 75' lang='lat' dir='ltr'><strong>substan·</strong></span> 
     </span>
     <span class='ocr_line' id='line_1_16' title="bbox 175 2022 916 2099; baseline -0.001 -18"><span class='ocrx_word' id='word_1_81' title='bbox 175 2025 216 2082; x_wconf 81' lang='lat' dir='ltr'><strong>tis</strong></span> <span class='ocrx_word' id='word_1_82' title='bbox 226 2024 431 2091; x_wconf 86' lang='lat' dir='ltr'><strong>membrorum,</strong></span> <span class='ocrx_word' id='word_1_83' title='bbox 444 2022 643 2099; x_wconf 81' lang='lat' dir='ltr'><strong>viscerumque</strong></span> <span class='ocrx_word' id='word_1_84' title='bbox 655 2022 843 2094; x_wconf 86' lang='lat' dir='ltr'><strong>diversorum,</strong></span> <span class='ocrx_word' id='word_1_85' title='bbox 861 2040 916 2099; x_wconf 83' lang='lat' dir='ltr'><strong>per</strong></span> 
     </span>
     <span class='ocr_line' id='line_1_17' title="bbox 175 2114 604 2192; baseline 0.005 -20"><span class='ocrx_word' id='word_1_86' title='bbox 175 2135 225 2173; x_wconf 88' lang='lat' dir='ltr'><strong>ora</strong></span> <span class='ocrx_word' id='word_1_87' title='bbox 237 2115 335 2191; x_wconf 89' lang='lat' dir='ltr'><strong>patula</strong></span> <span class='ocrx_word' id='word_1_88' title='bbox 347 2114 472 2192; x_wconf 83' lang='lat' dir='ltr'><strong>origines</strong></span> <span class='ocrx_word' id='word_1_89' title='bbox 485 2115 604 2175; x_wconf 86' lang='lat' dir='ltr'><strong>ducunt.</strong></span> 
     </span>
    </p>

    <p class='ocr_par' dir='ltr' id='par_1_8' title="bbox 215 2208 820 2287">
     <span class='ocr_line' id='line_1_18' title="bbox 215 2208 820 2287; baseline 0 -20"><span class='ocrx_word' id='word_1_90' title='bbox 215 2209 252 2276; x_wconf 77' lang='lat' dir='ltr'><strong>Q.</strong></span> <span class='ocrx_word' id='word_1_91' title='bbox 270 2209 376 2274; x_wconf 85' lang='lat' dir='ltr'><strong>Nonne</strong></span> <span class='ocrx_word' id='word_1_92' title='bbox 388 2208 494 2268; x_wconf 80' lang='lat' dir='ltr'><strong>desunt</strong></span> <span class='ocrx_word' id='word_1_93' title='bbox 503 2209 717 2287; x_wconf 81' lang='lat' dir='ltr'><strong>quibusdamin</strong></span> <span class='ocrx_word' id='word_1_94' title='bbox 728 2209 820 2268; x_wconf 83' lang='lat' dir='ltr'><strong>locis?</strong></span> 
     </span>
    </p>

    <p class='ocr_par' dir='ltr' id='par_1_9' title="bbox 175 2302 916 2570">
     <span class='ocr_line' id='line_1_19' title="bbox 215 2302 916 2382; baseline 0.001 -20"><span class='ocrx_word' id='word_1_95' title='bbox 215 2305 253 2363; x_wconf 87' lang='lat' dir='ltr'><strong>R.</strong></span> <span class='ocrx_word' id='word_1_96' title='bbox 275 2305 311 2362; x_wconf 88' lang='lat' dir='ltr'><strong>In</strong></span> <span class='ocrx_word' id='word_1_97' title='bbox 329 2304 445 2361; x_wconf 86' lang='lat' dir='ltr'><strong>cerebro</strong></span> <span class='ocrx_word' id='word_1_98' title='bbox 464 2302 592 2379; x_wconf 90' lang='lat' dir='ltr'><strong>quidem,</strong></span> <span class='ocrx_word' id='word_1_99' title='bbox 612 2304 760 2376; x_wconf 88' lang='lat' dir='ltr'><strong>cerebello,</strong></span> <span class='ocrx_word' id='word_1_100' title='bbox 781 2305 916 2382; x_wconf 68' lang='lat' dir='ltr'><strong>placenta</strong></span> 
     </span>
     <span class='ocr_line' id='line_1_20' title="bbox 175 2397 915 2479; baseline -0.007 -17"><span class='ocrx_word' id='word_1_101' title='bbox 175 2401 295 2479; x_wconf 77' lang='lat' dir='ltr'><strong>ejusque</strong></span> <span class='ocrx_word' id='word_1_102' title='bbox 307 2397 490 2467; x_wconf 80' lang='lat' dir='ltr'><strong>membranis,</strong></span> <span class='ocrx_word' id='word_1_103' title='bbox 505 2398 634 2460; x_wconf 82' lang='lat' dir='ltr'><strong>nondum</strong></span> <span class='ocrx_word' id='word_1_104' title='bbox 643 2399 755 2458; x_wconf 84' lang='lat' dir='ltr'><strong>detecta</strong></span> <span class='ocrx_word' id='word_1_105' title='bbox 764 2409 833 2458; x_wconf 88' lang='lat' dir='ltr'><strong>sunt</strong></span> <span class='ocrx_word' id='word_1_106' title='bbox 840 2422 851 2471; x_wconf 90' lang='lat'>;</span> <span class='ocrx_word' id='word_1_107' title='bbox 864 2418 915 2457; x_wconf 85' lang='lat' dir='ltr'><strong>ve-</strong></span> 
     </span>
     <span class='ocr_line' id='line_1_21' title="bbox 175 2492 779 2570; baseline -0.005 -16"><span class='ocrx_word' id='word_1_108' title='bbox 175 2493 294 2554; x_wconf 87' lang='lat' dir='ltr'><strong>risimile</strong></span> <span class='ocrx_word' id='word_1_109' title='bbox 303 2502 400 2554; x_wconf 85' lang='lat' dir='ltr'><strong>tamen</strong></span> <span class='ocrx_word' id='word_1_110' title='bbox 413 2502 457 2550; x_wconf 86' lang='lat' dir='ltr'><strong>est</strong></span> <span class='ocrx_word' id='word_1_111' title='bbox 468 2492 510 2550; x_wconf 92' lang='lat' dir='ltr'><strong>ibi</strong></span> <span class='ocrx_word' id='word_1_112' title='bbox 522 2512 637 2570; x_wconf 86' lang='lat' dir='ltr'><strong>quoque</strong></span> <span class='ocrx_word' id='word_1_113' title='bbox 650 2493 779 2553; x_wconf 84' lang='lat' dir='ltr'><strong>existere.</strong></span> 
     </span>
    </p>

    <p class='ocr_par' dir='ltr' id='par_1_10' title="bbox 175 2586 916 2754">
     <span class='ocr_line' id='line_1_22' title="bbox 214 2586 916 2663; baseline -0.007 -15"><span class='ocrx_word' id='word_1_114' title='bbox 214 2588 251 2653; x_wconf 79' lang='lat' dir='ltr'><strong>Q·</strong></span> <span class='ocrx_word' id='word_1_115' title='bbox 267 2587 327 2648; x_wconf 91' lang='lat' dir='ltr'><strong>Ubi</strong></span> <span class='ocrx_word' id='word_1_116' title='bbox 338 2586 510 2663; x_wconf 86' lang='lat' dir='ltr'><strong>plerumque</strong></span> <span class='ocrx_word' id='word_1_117' title='bbox 521 2586 702 2646; x_wconf 84' lang='lat' dir='ltr'><strong>absorbentia</strong></span> <span class='ocrx_word' id='word_1_118' title='bbox 714 2606 831 2652; x_wconf 83' lang='lat' dir='ltr'><strong>rursum</strong></span> <span class='ocrx_word' id='word_1_119' title='bbox 843 2589 916 2650; x_wconf 77' lang='lat' dir='ltr'><strong>‹liri-</strong></span> 
     </span>
     <span class='ocr_line' id='line_1_23' title="bbox 175 2685 839 2754; baseline 0.011 -17"><span class='ocrx_word' id='word_1_120' title='bbox 175 2685 272 2754; x_wconf 79' lang='lat' dir='ltr'><strong>gunt?</strong></span> <span class='ocrx_word' id='word_1_121' title='bbox 837 2741 839 2744; x_wconf 82' lang='grc'><strong>,</strong></span> 
     </span>
    </p>

    <p class='ocr_par' dir='ltr' id='par_1_11' title="bbox 214 2772 914 2853">
     <span class='ocr_line' id='line_1_24' title="bbox 214 2772 914 2853; baseline 0.02 -27"><span class='ocrx_word' id='word_1_122' title='bbox 214 2772 251 2827; x_wconf 86' lang='lat' dir='ltr'><strong>R.</strong></span> <span class='ocrx_word' id='word_1_123' title='bbox 271 2772 338 2840; x_wconf 67' lang='lat' dir='ltr'><strong>Alia</strong></span> <span class='ocrx_word' id='word_1_124' title='bbox 350 2774 425 2842; x_wconf 86' lang='lat' dir='ltr'><strong>inter</strong></span> <span class='ocrx_word' id='word_1_125' title='bbox 437 2781 534 2832; x_wconf 83' lang='lat' dir='ltr'><strong>cutem</strong></span> <span class='ocrx_word' id='word_1_126' title='bbox 546 2782 576 2830; x_wconf 89' lang='lat' dir='ltr'><strong>et</strong></span> <span class='ocrx_word' id='word_1_127' title='bbox 587 2773 732 2833; x_wconf 86' lang='lat' dir='ltr'><strong>musculos</strong></span> <span class='ocrx_word' id='word_1_128' title='bbox 750 2774 914 2853; x_wconf 77' lang='lat' dir='ltr'><strong>frequentia</strong></span> 
     </span>
    </p>
   </div>
   <div class='ocr_carea' id='block_1_7' title="bbox 174 2866 840 3006">
    <p class='ocr_par' dir='ltr' id='par_1_12' title="bbox 174 2866 840 3006">
     <span class='ocr_line' id='line_1_25' title="bbox 174 2866 840 3006; baseline 0.012 -85"><span class='ocrx_word' id='word_1_129' title='bbox 174 2872 303 2935; x_wconf 86' lang='lat' dir='ltr'><strong>currunt,</strong></span> <span class='ocrx_word' id='word_1_130' title='bbox 317 2866 529 3006; x_wconf 67' lang='lat' dir='ltr'><strong>alialprosunda</strong></span> <span class='ocrx_word' id='word_1_131' title='bbox 541 2866 658 2930; x_wconf 81' lang='lat' dir='ltr'><strong>arterias</strong></span> <span class='ocrx_word' id='word_1_132' title='bbox 671 2879 840 2947; x_wconf 82' lang='lat' dir='ltr'><strong>sequuntur.</strong></span> 
     </span>
    </p>
   </div>
   <div class='ocr_carea' id='block_1_8' title="bbox 0 0 1004 3450">
    <p class='ocr_par' dir='ltr' id='par_1_13' title="bbox 0 0 1004 3450">
     <span class='ocr_line' id='line_1_26' title="bbox 0 0 1004 3450; baseline 0 0"><span class='ocrx_word' id='word_1_133' title='bbox 0 0 1004 3450; x_wconf 95' lang='lat' dir='ltr'><strong> </strong></span> 
     </span>
    </p>
   </div>
  </div>
 </body>
</html>
