2000 3450
198 250 240 289 ns
254 246 400 310 crncurru
414 247 575 292 sunamitis
590 249 716 302 nonnus
762 235 825 297 ,149

179 438 221 476 1)ss
235 437 379 476 ClRCUl'd'U
393 434 559 476 snussumls
573 437 606 477 IN
620 438 728 488 sumtu.

122 624 156 691 Q.
177 623 235 680 Dic
248 624 321 680 mihi
334 643 379 681 res
392 623 550 699 peculiares
561 622 696 692 ‚circuitui
710 627 823 702 sangui-

78 716 251 776 nisfoetirs?

76 803 81 810 ’
118 811 156 868 R.
178 811 309 885 Arteriae
325 810 422 868 iliacae
441 811 572 869 internae
590 811 672 868 aliter
695 810 726 868 in
745 812 824 870 foetu

78 908 166 983 quam
180 904 210 962 in
223 904 323 966 adulto
332 904 511 975 distributae,
525 905 630 974 ductus
639 924 769 974 venosus,
781 905 825 963 fo·

78 1017 178 1055 ramen
192 999 273 1056 ovele
286 998 317 1056 in
331 1007 412 1076 septo
425 998 528 1068 cordis,
550 1008 580 1058 et
589 1000 696 1057 canalis
706 1000 822 1061 asterio·

78 1111 138 1161 sus,
151 1092 307 1170 peculiaria
320 1083 396 1149 sunt

120 1186 153 1253 Q.
174 1179 248 1258 Quo'
253 1186 342 1249 modo
355 1186 476 1243 arteriae
490 1186 590 1244 iliacae
603 1186 725 1245 internae
727 1188 824 1264 foctslr

74 1279 311 1355 distribuuntur?
741 1283 744 1290 ’

115 1374 154 1432 R.
178 1375 215 1434 In
228 1374 307 1432 foetu
318 1374 437 1432 arteriae
447 1374 546 1433 iliacae
563 1375 692 1433 internae
700 1375 742 1452 vad
751 1375 822 1446 late-

74 1487 107 1526 ra
121 1467 233 1525 vesicae
245 1468 346 1527 urinae
356 1467 475 1526 reflexae
489 1488 588 1527 versus
597 1469 767 1528 umbilicum
777 1491 821 1529 as-

74 1561 214 1631 cendunt,
234 1563 285 1621 ubi
299 1562 385 1620 simul
398 1580 465 1619 cum
478 1565 550 1620 vend
564 1563 596 1620 in
608 1563 738 1621 funiculo
757 1584 822 1622 um-

72 1655 182 1714 bilicali
194 1655 391 1727 involvuntur,
405 1667 492 1734 atque
505 1655 711 1733 iu'placentam
722 1675 822 1734 proce-

72 1750 159 1818 dunt,
184 1750 235 1807 ubi
247 1770 378 1823 ramosae
391 1752 474 1820 fiunt,
498 1758 585 1826 atque
598 1749 653 1805 sub
665 1749 758 1806 found
777 1770 822 1808 ra-

73 1844 189 1901 diomm
215 1863 268 1920 per
293 1864 356 1903 eam
383 1843 574 1903 minutissime
606 1841 822 1923 disperguntur.

61 1930 200 2014 ''smguis
212 1939 304 1996 foetus
317 1940 348 2009 in
362 1940 461 1997 earum
480 1936 599 1996 ramulis
617 1936 746 2008 minutis,
770 1941 821 2016 qui

74 2032 202 2101 cellulas,
217 2033 249 2089 in
262 2053 333 2112 quas
347 2034 463 2112 sanguis
481 2043 628 2091 maternus
647 2032 820 2103 infunditur,

74 2127 256 2199 circundant,
280 2129 470 2196 mutationem
492 2128 579 2195 subit,
600 2137 742 2207 aptusque
761 2129 821 2186 foe-

72 2221 120 2278 tui
132 2222 345 2291 nutrimentum
358 2222 454 2280 dando
464 2222 602 2280 redditur.

69 2318 74 2323 ’
113 2314 149 2380 Q·
170 2316 232 2375 Ubi
245 2337 315 2374 uena
328 2317 489 2376 umbiliculis
502 2336 619 2375 cursum
629 2319 728 2389 tenet?
739 2334 741 2337 ·

112 2410 151 2467 R.
173 2412 222 2467 Ab
234 2411 463 2470 extremitatibus
482 2412 651 2470 arteriarum
671 2407 821 2466 umbilica-

70 2503 146 2560 lium
160 2504 191 2577 in
204 2505 337 2581 placenta
351 2525 439 2563 venae
449 2506 570 2582 exiguae
579 2503 748 2559 innumerae
755 2518 820 2560 san'-

70 2598 193 2675 guinem
207 2599 364 2678 excipiunt,
378 2619 462 2678 quac,
475 2609 542 2676 post
551 2596 717 2675 junctiones
730 2594 822 2673 pluri·

70 2711 145 2762 mas,
167 2680 285 2769 tandem
308 2694 339 2752 in
362 2714 464 2752 venam
484 2692 679 2751 umbilicalem
699 2693 822 2771 conjun-

69 2795 192 2864 guntur.
232 2789 316 2846 Vena
338 2788 509 2848 umbilicalis
531 2785 703 2866 sanguinem
727 2799 818 2848 matre
847 2830 848 2837 κ

69 2891 245 2943 renovatum
258 2882 290 2940 in
303 2882 445 2942 abdomen
466 2881 584 2953 revehit,
605 2891 634 2940 et
646 2892 727 2955 entra
743 2883 819 2960 peri·

69 2983 210 3034 tonaeum
225 2978 261 3036 ab
275 2978 413 3037 umbilico
427 2978 457 3037 in
471 2978 536 3036 sinu
549 2977 699 3056 ligamenti
712 2976 761 3034 lati
780 2975 818 3031 ad
