2000 3450
184 248 236 310 198
306 259 345 299 or
360 259 540 300 rcrroumus
554 259 794 303 rurrsrruouuu.

179 385 209 438 in
223 382 362 458 chymum
375 394 587 455 convertantur,
608 404 695 461 quem
715 402 767 460 per
785 379 919 457 pylorum

177 479 320 555 propellit.

218 573 253 638 Q.
274 574 354 646 Quid
368 575 400 632 fit
414 575 445 632 irr
458 577 604 634 duodeno?

208 670 254 726 ¹12.
276 670 312 726 ln
325 670 458 727 duodeno
471 670 560 727 fibrae
573 671 750 728 musculosae
763 668 856 725 multo
874 668 922 724 in·-

176 761 314 819 firmiores
327 773 404 831 sunt,
419 762 487 820 satis
496 763 607 820 validae
617 774 722 832 tamen,
736 772 770 819 ut
779 780 840 819 sese
849 781 921 818 cou-

176 855 290 913 trahuut
303 870 332 913 et
345 856 715 931 chymum‘transmittann
735 855 783 912 htc
802 874 922 930 quoque

175 947 297 1024 chymus
311 950 399 1007 bilem
413 962 443 1008 et
460 950 602 1026 liquorem
618 950 831 1027 pancreatimm
844 948 920 1004 acci-

175 1043 260 1118 pu
770 1090 776 1113 .

94 1122 101 1131 .
187 1157 189 1161 ’
215 1136 250 1201 Q·
271 1140 354 1215 Quae
367 1140 493 1197 actiones
505 1139 534 1196 in
541 1140 645 1216 jejuno
657 1149 687 1195 et
700 1138 753 1195 ileo
764 1137 922 1214 perficiun-

174 1235 243 1289 tur?
657 1286 659 1293 .
843 1304 844 1307 Ἴ

214 1327 249 1386 R.
267 1329 301 1385 In
311 1326 415 1404 jejuno
429 1336 458 1384 et
471 1327 527 1384 ileo
537 1325 625 1383 fibrae
635 1324 813 1383 musculosae
823 1324 922 1380 adhuc

173 1419 344 1478 infirmiores
365 1428 395 1477 et
413 1420 559 1477 tenuiores
580 1430 657 1488 sunt,
679 1438 751 1496 quas
764 1418 842 1495 sinuo
854 1418 921 1474 sive

172 1513 262 1570 flexus
285 1513 498 1581 intestinorum,
525 1522 555 1568 et
578 1513 732 1589 longitudo
754 1510 919 1567 mesenterii

170 1607 249 1665 haud
261 1606 365 1684 parum
382 1606 522 1684 adjuvant
535 1605 566 1662 in
579 1606 662 1664 facile
677 1606 844 1662 muneribus
855 1606 920 1660 suis

170 1702 339 1780 fungendo:
359 1711 389 1760 et
402 1709 557 1778 praeterea,
578 1701 737 1779 plurimum
750 1699 830 1777 chyli
843 1698 919 1757 vasis

169 1796 268 1854 lacteis
278 1797 319 1853 ibi
329 1798 507 1856 absorbetur.

211 1890 246 1955 Q„
264 1891 343 1963 Quid
360 1891 389 1947 in
403 1892 460 1950 colo
473 1892 527 1951 fit?
911 1953 914 1960 ,

209 1984 247 2041 R.
269 1984 305 2040 ln
325 1984 461 2042 intestino
481 1987 544 2043 colo
564 1986 651 2043 fibrae
670 1984 918 2042 musculosaeite·

169 2095 234 2134 rum
248 2078 340 2134 multo
350 2077 504 2136 validiores
512 2080 595 2148 fiunt,
609 2091 643 2137 ut
650 2097 773 2136 massam
781 2078 917 2135 materiae

168 2170 345 2229 faeculentae
360 2173 527 2232 crassiorem
536 2173 756 2250 gravioremque
765 2171 796 2227 in
804 2180 918 2229 rectum

167 2265 388 2323 transmittendo
400 2266 511 2325 habiles
524 2268 592 2325 sint.

209 2359 242 2427 Q.
261 2359 343 2431 Quid
355 2359 386 2417 in
399 2360 538 2419 intestino
551 2371 625 2420 recto
638 2362 693 2419 fit?

204 2452 244 2513 R.
264 2453 439 2511 Intestinum
453 2464 565 2513 rectum
578 2454 794 2532 receptaculum
809 2464 862 2524 est,
883 2456 916 2522 iu

166 2548 245 2624 quod
257 2548 351 2607 faeces
361 2557 512 2607 transeunt
521 2560 609 2627 atque
619 2570 673 2627 pro
682 2565 814 2626 tempore
824 2570 917 2608 rema·

165 2651 246 2710 nent,
267 2643 359 2701 donec
377 2663 470 2701 massa
483 2663 583 2701 earum
596 2644 761 2721 sphinctera
774 2644 915 2714 stimulat,

164 2733 301 2808 cogitque
314 2735 370 2795 sibi
384 2737 500 2818 exitum*
511 2738 588 2796 dare.

204 2823 240 2886 Q·
260 2829 344 2902 Quae
366 2831 442 2900 uctio
461 2832 550 2900 totius
571 2834 677 2893 cunulis
697 2844 740 2892 est
760 2834 911 2893 intestino-

164 2920 247 2976 rum?
