2000 3450
162 264 221 337 ³174
280 278 318 329 ni:
331 274 565 331 vinicus‘aia'an
581 286 783 328 novanrrauc.

164 415 194 470 in
207 403 323 472 truncos
338 414 459 493 majores
478 400 663 493 majoresque,
684 414 735 471 ubi
754 411 901 470 frictiones

163 525 296 564 vasorum
307 502 440 566 ¹minoren
460 508 542 576 fiunt,
557 517 593 565 'et
606 506 723 564 demtim
735 507 767 563 in
780 506 902 562 ductum

163 592 338 676 hepaticam,
361 601 535 679 propellunt.
575 602 733 669 Praeterea,
757 599 901 656 ventricu-

163 693 209 750 lus
222 694 292 751 cibis
311 695 414 772 plenus
428 695 520 752 multo
533 694 617 752 altius
630 694 731 769 surgit,
748 702 840 769 ‘atquc
852 691 903 748 he-

164 806 217 864 par
235 788 312 845 haud
332 789 432 865 partim
452 788 575 865 premit3
596 806 687 865 eoque
707 786 818 844 fluxum
839 785 905 843 bilis

164 892 323 956 promovet,
336 882 383 939 cui
392 883 454 959 jam
467 881 684 958 quoqueexitua
695 881 725 937 in
735 878 905 937 duodenum

164 974 316 1031 facillimus
329 970 380 1032 e'st.

206 1068 238 1136 Q.
260 1069 375 1144 Quibus
395 1070 504 1127 viribus
522 1060 615 1127 bilis'e
629 1067 754 1124 vesicula
762 1066 840 1124 fellis
852 1084 903 1123 ex-

164 1163 302 1239 pellitur?

205 1259 241 1316 R.
265 1259 450 1317 Ventriculus
472 1260 601 1317 ciborum
622 1257 725 1335 plenus
746 1255 904 1313 vesiculam

164 1353 240 1409 fellis
253 1346 354 1411 contra¹
361 1353 450 1429 hepar
466 1353 647 1430 comprirnit3
668 1352 723 1408 hoc
732 1359 762 1408 et
771 1350 905 1407 stimulus

165 1465 200 1501 er
215 1445 387 1503 distentione
401 1446 495 1503 oriens
508 1446 593 1502 fibras
610 1465 675 1502 suas
687 1438 861 1501 musculosas
871 1444 904 1499 in

165 1538 308 1595 actionem
321 1539 427 1606 ferunt,
448 1558 506 1614 qua
519 1539 602 1608 bilis,
614 1539 735 1597 transitu
748 1539 779 1595 in
791 1537 903 1594 duode-

165 1653 236 1691 num
250 1627 394 1714 expedito,
412 1627 495 1693 facile
509 1628 681 1712 propellitur
692 1635 723 1693 in
735 1626 904 1692 duodenum

164 1729 343 1789 intestinum.

178 1845 182 1854 ·
205 1824 239 1889 Q.
261 1825 375 1896 Quibus
388 1827 473 1884 rebus
483 1827 549 1884 bilis
561 1826 699 1884 inservit?

204 1920 241 1976 R.
263 1919 334 1977 Bilis
347 1920 377 1975 in
391 1918 528 1977 duodeno·
538 1919 644 1996 chymo
657 1929 686 1977 ct
704 1919 815 1996 liquore
834 1937 907 1995 pan·

166 2006 287 2069 creatico
299 2012 444 2081 miscetur,
464 2013 600 2071 chemicis
620 2004 704 2071 'variis'
722 2013 907 2087 compositio·

76 2107 80 2116 ’
165 2106 260 2174 nibus,
284 2101 541 2184 ¹solutionibusque
571 2110 658 2177 favet,
691 2107 907 2185 generationem

166 2200 245 2276 chyii
257 2212 415 2277 promovet,
435 2197 622 2261 et‘intestinis¹
639 2202 788 2261 stimulum
807 2220 909 2259 neces·

167 2295 273 2353 sarium
292 2295 351 2364 dat,
372 2315 430 2372 quo
449 2293 618 2355 muneribus
638 2297 697 2354 suis
714 2296 768 2353 rite
787 2297 908 2373 perfun-

110 2389 113 2396 ’
167 2402 290 2470 ganum
305 2381 429 2469 variaque
440 2391 531 2450 lactea
543 2391 661 2468 chylum
674 2389 805 2447 celeriter
811 2391 909 2446 absor-

166 2489 261 2549 beant.
303 2486 374 2548 Bilis
384 2507 499 2566 quoque
510 2505 546 2544 ex
555 2484 693 2563 sanguine
703 2487 810 2541 cenoso
823 2503 910 2560 quae-

168 2571 241 2643 dain'
248 2572 348 2644 vitiata
361 2575 423 2641 sive
434 2573 575 2639 insincera
587 2574 684 2638 secum
697 2579 801 2647 aufert,
821 2588 910 2655 atque

168 2698 186 2733 e
198 2679 316 2756 corpore
328 2677 472 2739 intestinis
485 2676 619 2744 demittit,
633 2690 731 2749 eoque·
739 2673 911 2751 sanguinem

168 2784 281 2849 purgat.
