2000 3450
244 312 359 353 unusne
372 313 541 365 unrucrrns,
556 298 608 353 &c
747 296 803 355 225

109 455 144 523 Q.
166 454 319 525 Quomodo
338 451 471 512 Gelatina
489 465 520 512 et
530 445 683 512 ⁸Albumen
702 472 807 533 paran..
868 470 871 476 ·

63 552 137 605 tur?

105 643 144 699 R.
167 642 301 701 Infusum
315 642 463 701 Gallorum
476 662 510 700 ea
522 640 697 719 praecipitat.
740 664 743 671 ’

60 742 64 747 “
109 735 143 801 Q.
164 735 317 805 Quomodo
329 735 454 808 Acidum
468 734 592 803 Uricum¹
604 739 738 813 separas?

105 828 145 885 R.
159 828 251 885 Urina
263 847 371 898 recens,
386 829 451 887 edm
459 829 597 906 frigescit,
611 830 802 886 sedimentum

61 920 222 978 lateritium
242 930 343 998 sponte
364 923 497 992 demittit,
519 925 596 1000 quod
615 932 659 981 est
677 921 803 980 Acidum

62 1012 189 1070 Uricum
204 1030 271 1071 cum
284 1015 447 1094 Phosphate
461 1008 561 1075 Calcis.
612 1018 613 1023 ’

106 1105 143 1170 Q,
163 1107 315 1178 Quomodo
327 1127 425 1167 uream
435 1109 506 1167 mihi
520 1127 619 1185 parare
631 1113 732 1186 potes?

104 1202 143 1259 R.
157 1202 250 1261 Urina
260 1202 319 1259 leni
329 1203 422 1260 calore
431 1202 467 1260 ad
480 1203 693 1278 spissitudinem
704 1205 804 1280 syrupi

62 1306 211 1374 vaporata,
225 1306 254 1353 et
266 1296 423 1372 frigefacto,
437 1297 468 1353 in
478 1314 598 1353 massam
606 1296 804 1372 crystallorum

62 1390 140 1447 coit:
155 1389 201 1466 cuj
206 1408 238 1445 us
246 1409 354 1446 massae
366 1388 476 1446 alcohol
489 1389 615 1465 pondere
623 1398 724 1465 quater
732 1407 804 1466 pau·

62 1481 147 1540 latim
159 1482 277 1540 mistum
288 1482 361 1539 lenis
371 1481 477 1539 auxilio
485 1481 585 1539 caloris
593 1482 729 1559 majorem
739 1501 804 1558 par-

63 1586 125 1633 tem
138 1575 241 1634 solvit:
262 1575 365 1634 solutio
377 1577 517 1650 submota,
537 1585 567 1633 et
579 1576 610 1632 in
619 1578 704 1633 arena
717 1594 803 1651 vapo-

62 1679 126 1728 rata
138 1669 176 1728 ad
185 1670 356 1744 spissitatem
365 1668 467 1738 mellis,
480 1667 585 1726 deinde
595 1669 710 1746 frigida,
724 1687 803 1746 crys-

62 1761 147 1821 tallos
160 1783 245 1821 ureae
255 1764 348 1821 efficit.

104 1856 141 1920 Q.
161 1856 230 1927 Quo
239 1857 326 1915 modo
337 1857 415 1915 Sales
428 1860 617 1934 separantur?

105 1950 143 2008 R.
172 1949 332 2007 Residuum
357 1960 422 2027 post
447 1951 677 2028 evaporationem
703 1951 802 2009 urinae

68 2042 149 2099 Sales
162 2042 297 2099 continet.
320 2044 459 2121 Analysis
468 2064 568 2102 eorum
580 2043 802 2121 separandarum
848 2112 851 2116 ,

65 2145 163 2191 tamen
176 2136 306 2212 complex
316 2146 366 2193 est.

266 2561 305 2599 DE
320 2561 462 2601 CALCULlS
476 2560 600 2600 URINAB·

107 2784 139 2850 Q.
160 2784 275 2854 Quibus
301 2805 337 2842 ex
360 2784 497 2842 chemicis
518 2765 666 2860 principiis
688 2783 799 2855 calculi,

62 2876 114 2951 qui
127 2877 273 2934 interdurn
287 2878 333 2934 vel
346 2878 377 2935 in
390 2878 507 2936 renibus
521 2877 567 2935 vel
581 2878 612 2934 in
629 2877 724 2936 vestes
742 2880 800 2937 for.

63 2982 189 3042 mentor,
202 2976 356 3032 constant?
