2000 3450
326 271 366 313 na
380 269 540 312 ornamus.
636 305 642 312 .
766 254 804 315 79

100 402 135 467 Q,
158 404 240 478 Quot
252 396 352 456 dantes
363 393 474 452 homini
486 392 585 452 adulto
597 399 685 453 sunt?

103 497 140 554 R.
163 493 298 570 Triginta
314 490 382 559 duo,
396 487 511 565 utrique
525 487 655 546 maxillae
667 488 801 548 nimirum

67 587 210 648 sexdecim
227 594 304 644 sunt.

104 683 137 749 Q.
160 682 244 753 Quot
256 679 357 739 dentes
369 686 460 736 aetate
475 676 601 734 infantili
614 680 704 739 sunt?

102 776 139 834 R
161 776 258 833 Puero
266 782 325 831 tres
332 790 421 829 annos
429 779 496 828 nato
506 769 607 828 dentes
614 771 719 850 viginti
728 780 804 830 sunt.

104 869 137 934 0„
159 870 199 926 In
214 875 286 945 quot
298 864 399 923 classes
412 863 512 921 dentes
524 863 610 922 divisi
621 871 711 924 sunt?

103 964 140 1021 R.
165 965 205 1021 In
217 973 284 1031 tres,
298 958 413 1027 scilicet,
427 957 571 1027 incisores,
585 959 756 1037 cuspidatus,
777 969 807 1017 et

70 1057 196 1116 molares.

105 1150 140 1216 Q.
161 1151 244 1223 Quot
256 1146 287 1204 in
300 1148 414 1224 quique
427 1144 515 1203 classe
527 1147 616 1205 sunt?

106 1246 142 1304 ll.
164 1241 305 1301 Incisores
323 1250 389 1298 octo
407 1246 518 1316 partem
535 1239 668 1298 maxillae
685 1240 808 1298 anterio-

73 1357 136 1407 rem,
146 1349 272 1416 quorum
282 1343 437 1410 utrumque
443 1332 519 1390 latus
526 1333 667 1410 cuspidati
677 1341 808 1411 quatuor,

73 1439 99 1488 et
110 1431 232 1489 molares
245 1436 310 1486 octo
321 1426 491 1504 posteriores
503 1435 597 1503 partes
609 1435 761 1506 occupant.

109 1525 143 1591 Q.
163 1524 273 1582 Nonne
284 1531 353 1578 tunt
364 1520 465 1579 dentes
474 1520 654 1581 infantibus?

110 1619 145 1678 R.
166 1618 206 1676 ln
217 1614 334 1684 maxilla
347 1615 467 1691 utrique
478 1614 570 1673 foetila
583 1618 688 1674 maturi
697 1617 735 1675 ad
743 1635 809 1695 par.

75 1721 132 1772 tum
138 1710 257 1771 ordines
267 1708 326 1767 duo
332 1707 463 1766 dentium
473 1716 550 1778 sunt,
561 1708 611 1785 qui
621 1710 675 1769 tub
684 1710 811 1788 gingivis

75 1803 251 1884 inoonspicui
260 1803 365 1881 jaoent
381 1812 383 1817 '
404 1800 524 1859 Ordinis
538 1802 694 1878 'superioris
711 1804 812 1861 dentes

76 1899 206 1969 desidui3
231 1895 382 1965 minimis,
395 1895 496 1956 dentes
508 1892 702 1965 immutabiles
713 1897 813 1975 appel-

76 1991 176 2054 lantur.
368 2002 370 2007 '

113 2087 147 2156 Q.
168 2088 230 2145 Cur
237 2085 351 2145 ordines
358 2085 490 2144 dentium
498 2084 557 2145 duo
564 2086 722 2146 infantibus
729 2088 814 2149 sunt!

111 2181 149 2240 R.
169 2181 285 2240 Dentes
297 2179 394 2256 primi,
407 2179 469 2238 aliis
482 2181 611 2257 partibus
620 2182 745 2261 corporis
754 2182 815 2242 dis·

78 2271 190 2359 similos,
213 2273 335 2352 liguram
357 2291 439 2350 suam
460 2291 495 2331 ao
512 2275 741 2352 magnitudinem
761 2295 815 2352 pro

77 2366 253 2428 incremento
264 2366 446 2425 maxillarum
457 2384 517 2425 non
529 2377 641 2427 mutare
659 2369 796 2441 videntur
806 2389 817 2437 ς

77 2470 160 2539 atquo
184 2452 353 2520 curvaturae
374 2469 404 2519 e't
425 2461 618 2539 magnitudini
636 2461 816 2519 maxillarum

79 2552 215 2614 infantilia
233 2555 334 2613 aetatis
352 2554 641 2631 solummodo'aptari
650 2576 662 2624 ,-
684 2561 714 2612 st
727 2552 816 2631 igitur

78 2646 112 2706 ui
124 2657 249 2708 aetatem
260 2647 389 2707 adultam
400 2648 496 2725 noeque¹
508 2649 618 2717 robore,
631 2648 817 2727 nequa'mag-

78 2739 220 2813 nundina,
239 2760 335 2820 neque
350 2742 494 2805 radicibus
507 2741 576 2801 satis
588 2741 682 2820 longis
693 2744 817 2821 praediti

36 2884 41 2891 .
77 2842 153 2893 tunt.

117 2923 152 2990 Q„
173 2927 232 2990 Dic
243 2929 316 2995 milti
329 2930 416 3008 quim
425 2928 590 2994 brevissimi
599 2930 728 2996 ordinem
739 2948 816 2989 oom-
