2000 3450
196 231 254 283 220
421 240 460 280 us
475 241 602 281 rasmca
618 243 715 284 nnius.

195 367 279 424 miter
304 370 530 444 conjunguntur,
564 377 593 424 et
618 366 796 443 superficiem
821 371 947 447 saepius

193 459 314 527 laevem,
327 459 482 527 interdum,
496 459 632 516 sulcatam
642 459 805 518 ostendunt.

234 553 269 618 Q.
290 554 347 611 Dic
359 553 430 610 mihi
443 553 571 622 modum,
584 572 643 628 quo
651 553 754 611 arteria
762 554 934 614 renalisdis·

193 649 351 706 tribuitur?

232 745 270 801 R.
290 743 404 800 Arteria
415 741 452 799 ad
464 742 560 798 sinum
573 741 650 797 renis
662 740 693 811 in
705 752 798 799 ramos
817 760 933 819 separa.

191 851 250 906 tur,
274 838 323 914 qui
336 837 439 896 iterum
452 835 614 910 iterumque
627 834 658 891 in
677 834 801 892 ramulos
819 837 935 912 perexi-

191 950 264 1008 guos
277 932 308 987 in
321 928 478 986 substantii
490 927 616 1001 corticali
629 927 772 1003 dispersos
786 928 930 986 diducun.

131 1024 134 1029 ’
190 1035 246 1083 tur.
288 1023 401 1082 Ramuli
413 1022 524 1108 renales
536 1021 656 1080 extremi
669 1021 727 1079 huc
739 1032 768 1079 et
779 1020 850 1079 illuc
862 1022 930 1079 flexi

190 1120 307 1178 tandem
340 1117 508 1195 corpuscula
538 1115 658 1174 racemis
689 1113 845 1172 subsimilis
877 1135 931 1173 seu

190 1223 306 1292 cryptas
328 1213 462 1280 efficiunt,
486 1229 559 1288 quae
581 1228 617 1267 ex
640 1212 774 1286 congerie
795 1228 929 1268 vasorum

188 1307 361 1383 perexilium
375 1316 503 1364 constare
514 1306 657 1365 videntur.
918 1318 922 1323 ⁴

228 1400 264 1465 Q.
285 1401 346 1459 Ubi
359 1400 491 1456 oriuntur
503 1399 591 1456 tubuli
602 1400 759 1477 urinaseri?

226 1494 263 1551 R.
285 1494 321 1550 In
333 1492 368 1549 iis
380 1492 557 1569 corpusculis
569 1493 630 1550 sive
642 1494 752 1571 cryptis
764 1512 799 1551 ex
805 1492 924 1552 arteriae

186 1586 290 1647 renalis
302 1585 530 1644 extremitatibus
543 1585 636 1644 tubuli
645 1586 775 1644 oriniferi
782 1585 924 1657 oriuntur,

185 1683 237 1761 qui
250 1683 309 1740 uua
320 1699 387 1739 cum
399 1680 474 1739 vasis
486 1679 598 1758 exiguis
611 1681 773 1758 sanguineis
792 1683 926 1740 substan-

184 1778 226 1836 tit
239 1776 365 1836 cellulari
377 1775 462 1852 adipe
481 1775 619 1833 destituti
636 1775 717 1832 nexis
736 1775 927 1834 substantiam

184 1870 261 1928 renis
273 1869 460 1927 medullarem
472 1870 534 1926 sive
546 1871 696 1936 internam,
710 1870 897 1927 constituunt
953 1939 960 1956 Ι

224 1963 258 2028 Q.
279 1962 346 2033 Quo
358 1982 474 2021 cursum
487 1962 582 2020 tubuli
594 1962 724 2019 uriniferi
736 1962 889 2039 dirigunt?

220 2056 260 2112 R.
283 2056 391 2112 Tubuli
410 2055 540 2112 uriniferi
561 2055 598 2113 ad
618 2056 713 2112 sinum
733 2056 793 2112 sive
812 2056 923 2132 pelvim

181 2148 258 2207 renis
277 2167 375 2208 versus
392 2148 484 2206 forma
506 2149 652 2206 radiorum
671 2159 811 2225 spectant,
833 2159 924 2226 atque

181 2245 257 2302 inter
269 2263 299 2301 se
310 2243 445 2319 persaepe
461 2244 687 2320 conjunguntur,
700 2242 879 2319 majoresque
886 2243 922 2299 fi.

181 2348 244 2406 unt,
259 2348 288 2395 et
300 2336 416 2395 tandem
429 2329 586 2413 inpupillis
600 2336 762 2393 terminant.

222 2432 255 2498 Q.
277 2430 596 2508 Quaesuntpopilloe?
774 2417 777 2424 Κ

208 2526 255 2582 ‚lt
278 2522 460 2580 Eminentius
485 2543 536 2580 seu
562 2524 627 2580 coni
652 2533 728 2591 sunt,
751 2542 824 2599 quos
846 2542 917 2581 con-

179 2634 278 2673 cursus
297 2628 327 2671 st
346 2615 560 2688 terminationes
578 2617 745 2674 tubulorum
763 2617 917 2674 urinifero-

173 2722 248 2850 iffi
260 2705 378 2773 faciunt,
399 2725 416 2762 e
429 2706 534 2781 quibus
547 2708 628 2765 urina
641 2708 728 2765 stillat
741 2708 771 2765 in
785 2708 916 2766 infundi.
