2000 3450
330 244 371 293 nn
385 253 505 303 nonus,
521 243 574 295 &o
765 241 824 303 239

75 385 160 460 justo
172 391 303 455 tempore
315 380 374 448 dat,
391 399 496 458 penem
509 399 625 457 quoque
638 383 669 440 in
682 383 760 441 coitu
773 383 824 441 ad·
850 445 853 449 ,

79 475 181 534 mittit„
222 475 329 531 Uterus
343 494 439 531 semen
448 474 639 533 masculinum
649 478 764 555 excipit,
779 480 824 537 vi-

80 590 141 647 que
153 569 199 625 sui
212 568 333 644 proprii¹
341 569 371 625 in
385 569 484 627 tubam
504 571 529 628 F
530 570 701 647 allopianam
723 575 828 649 impel.

79 652 125 734 lit,
136 683 214 740 quae
227 663 281 719 hoo
289 673 418 739 tempore
429 663 548 722 fimbriis
556 666 684 741 ovarium
695 667 825 744 ejusdem

78 758 181 816 lateris
193 757 358 834 prehendit,
377 778 435 834 quo
448 779 545 817 semen
559 761 590 817 in
602 771 764 818 contactum
777 764 825 821 ovi

79 855 192 921 fertur3
216 851 410 928 quodcunque
429 874 517 911 ovum
537 856 645 912 semine
667 857 827 914 masculino

14 946 15 951 ’
81 938 274 1014 stimulatum,
296 947 435 1022 paulatim
448 958 550 1019 tumet,
575 951 685 1020 crescit,
705 970 826 1028 paucos·

82 1062 145 1118 que
166 1040 227 1098 (lies
249 1041 448 1117 peritonaeum
468 1047 639 1122 perrumpit,
665 1065 733 1102 mox
755 1046 826 1103 tube

81 1137 254 1214 Fallopiand
278 1136 426 1212 recipitur,
453 1148 540 1215 atque
565 1140 769 1197 transmittitur
794 1140 827 1196 in

83 1242 210 1300 uterum,
225 1230 276 1288 ubi
289 1230 396 1288 sensim
406 1230 557 1302 evolvitur,
569 1234 696 1304 vivescit,
707 1245 737 1292 et
746 1252 828 1291 men·

84 1347 132 1385 ses
144 1345 249 1386 novem
261 1337 328 1402 post
340 1329 433 1387 foetus
446 1329 476 1386 in
490 1330 584 1387 lucem
595 1330 699 1386 editur.

89 1678 132 1720 nn
149 1677 264 1719 nnnvrs
284 1673 463 1726 rooounus,
484 1673 594 1723 emvrs,
616 1673 656 1713 er
675 1673 829 1714 extumu-

296 1771 406 1837 ‘rurum
418 1769 625 1810 munitionum.

133 1980 166 2046 Q.
187 1980 248 2050 Qui
261 1977 342 2034 nervi
356 1977 416 2033 vim
429 1991 579 2034 nervosam
602 1972 759 2030 visceribus
781 1973 832 2029 ub·

92 2076 217 2135 dominis
231 2074 438 2151 suppeditant?

132 2173 170 2232 R.
191 2169 275 2227 Paria
287 2187 368 2245 vega,
390 2166 471 2224 nervi
495 2162 673 2271 splanchnici
696 2162 782 2244 primi
805 2169 836 2219 et

93 2265 265 2333 secundarii,
279 2275 309 2321 et
322 2261 523 2340 sympathetici
535 2259 642 2336 magni.

138 2363 173 2429 Q
194 2359 275 2446 Quid
288 2358 324 2415 de
337 2376 406 2435 pare
419 2374 493 2431 vago
506 2353 666 2412 notandum
679 2352 742 2409 est?

133 2459 171 2517 R
192 2456 267 2513 Par'
267 2473 366 2530 vagum
380 2452 411 2508 in
431 2449 573 2506 abdomen
586 2465 656 2504 oum
675 2443 840 2522 oesophogo

94 2551 255 2613 deseendit.
290 2549 346 2605 Par
361 2545 509 2602 sinistrum
523 2560 609 2618 super
622 2539 757 2608 cardium,
768 2537 839 2610 dex

95 2664 174 2707 trum
188 2648 256 2703 vero
270 2643 354 2709 infra,
369 2638 478 2715 serpit;
470 2636 569 2693 -inud
579 2633 712 2694 anteriori
723 2633 840 2689 sivetu

97 2743 204 2820 porion
195 2738 299 2798 lateri
313 2732 475 2801 ventriculi,
489 2731 544 2788 hoo
553 2727 703 2806 posteriori
716 2727 776 2783 sive
795 2725 841 2782 in·

96 2838 204 2905 feriori,
227 2852 280 2924 per
303 2826 463 2889 surculos
454 2841 621 2883 innumeros
640 2818 839 2878 distribuitur.

97 2943 256 3006 utrumque
269 2927 356 2983 latere
369 2940 421 2980 suo
434 2916 586 2978 ventriculi
600 2914 636 2973 ad
650 2913 784 2991 pylorum
792 2928 843 2966 us-
