2000 3450
137 275 198 329 230
398 278 440 319 ou
454 271 608 316 cosumus,

181 413 214 478 Q.
235 407 294 467 Ubi
307 406 380 464 situs
393 400 517 459 musculi
530 391 707 471 cremasteris
720 390 785 447 est?

178 504 214 562 R.
236 500 388 561 Musculus
401 504 554 554 cremaster
566 488 648 547 faciei
659 483 793 543 exteriori
801 481 883 539 tuni·

138 618 190 657 cue
203 594 354 674 vaginulis,
375 602 404 649 et
423 588 528 667 purtim
548 584 635 642 etiem
654 578 737 637 faciei
751 577 885 634 internae

140 692 236 760 scroti,
255 690 399 754 adhaeret,
411 679 605 742 contruutione
617 676 679 752 ejus
689 672 821 729 tunicam
834 690 886 726 va·

141 786 267 864 giuolem
276 779 449 863 comprimit,
470 785 631 849 testemque
651 765 765 827 sursum
784 765 885 835 trehit,

140 901 202 959 quo
216 897 313 938 semen
326 875 464 953 ejiciatur.

185 975 217 1042 Q.
239 975 293 1032 An
305 971 352 1027 viu
365 968 463 1047 patula
475 974 518 1024 est
531 984 567 1022 ex
584 962 737 1022 abdomine
756 960 789 1016 in
807 973 886 1013 scro-

141 1074 227 1128 tum?

182 1164 220 1224 R.
240 1163 318 1230 Non,
339 1169 434 1239 partes
453 1156 532 1214 enim
551 1152 630 1230 apud
642 1148 784 1207 annulum
796 1144 887 1203 abdo-

144 1258 231 1315 minis
244 1257 319 1316 inter
328 1277 357 1314 se
365 1252 526 1312 firmissime
533 1243 740 1306 adhaerescunt
753 1253 819 1320 post
828 1252 888 1298 tes-

143 1350 182 1409 tis
196 1350 376 1418 dercensum,
390 1349 524 1422 viamque
538 1341 684 1400 claudunt.

185 1444 220 1508 Q.
241 1446 303 1504 Cur
315 1444 413 1501 tunica
426 1439 581 1516 albuginea
594 1437 674 1493 testis
693 1453 753 1491 non
771 1431 888 1492 tunicae

146 1538 272 1616 vogiuali
285 1538 427 1595 adhaeret

185 1635 224 1691 R.
241 1632 322 1705 Quia
334 1651 371 1690 ex
383 1628 536 1708 superficie
548 1628 667 1683 externi
680 1625 794 1681 tunicae
807 1623 893 1681 allm-v

146 1731 259 1807 giueue,
273 1738 352 1786 etex
365 1726 479 1785 interne
491 1721 631 1800 vaginulis
649 1740 716 1778 vasa
729 1718 892 1777 exhalantia

138 1824 299 1900 ¹humorem
318 1804 480 1888 effundunt,
500 1817 552 1894 qui
565 1815 728 1893 superficies
741 1813 898 1890 contiguae

148 1917 282 1986 lubricat,
301 1917 415 1993 easque,
436 1923 468 1971 ut
483 1921 675 1979 concrescant,
690 1928 748 1964 non
760 1901 892 1984 potitum

148 2032 208 2089 quo
218 2011 299 2069 testis
311 2006 393 2068 facile
405 2007 502 2068 locum
509 2014 629 2072 mutare,
643 2001 838 2081 injuriamque
847 2002 895 2057 fu-

150 2121 219 2183 gere
231 2105 330 2182 poseit.
713 2141 717 2149 .

192 2199 226 2266 ἃς
248 2197 330 2275 Quid
342 2196 515 2275 generaliter
527 2193 564 2251 de
580 2193 676 2270 figur&
695 2192 776 2250 testis
794 2190 895 2248 obser-

152 2296 224 2351 uas?

191 2388 228 2446 R.
243 2385 406 2445 Testiculue
417 2392 518 2443 ovatus
527 2393 570 2441 est
577 2392 665 2461 atque
673 2380 823 2460 paululum
835 2380 896 2458 pla-

152 2503 217 2552 nus,
231 2490 341 2558 aparte
354 2477 511 2557 posteriore
524 2477 654 2535 funiculo
667 2474 840 2554 spermatico
851 2475 898 2531 in-

75 2580 78 2588 ’
153 2595 244 2635 nexus
257 2583 309 2645 eet,
329 2574 366 2633 eb
379 2573 442 2631 ullis
454 2571 585 2650 partibus
604 2570 725 2641 solutus,
745 2579 775 2627 et
796 2569 900 2627 tunice

153 2669 279 2747 reginali
290 2668 373 2726 facile
386 2668 572 2727 circundatus
581 2676 636 2725 est.
671 2665 708 2724 Iu
720 2674 803 2743 parte
816 2663 901 2722 teeti-

154 2762 212 2819 culi
224 2762 381 2839 posteriore
393 2771 436 2819 est
450 2762 636 2839 epididyruis,
656 2779 731 2840 quae
749 2758 838 2820 etiam
852 2768 902 2817 tu-

154 2852 218 2911 nice
230 2855 383 2933 albugine&
396 2857 566 2935 contegitur.
