2000 3450
186 268 206 326 6
435 287 474 328 ns
488 286 568 328 cors
582 288 675 330 vass.
716 290 719 293 ·

228 413 263 472 R
284 412 309 470 E
323 422 404 491 parte
416 412 479 490 rjus
492 414 620 481 externi,
633 407 733 480 densi,
745 412 832 489 'atque
844 384 931 471 finni
953 408 956 415 ⁴

186 507 310 586 popilliae
321 526 458 566 nervosae
470 508 603 565 oriuntur
616 505 779 564 eminentiis
791 506 921 565 similes

97 628 101 637 ·
225 603 261 669 Q
279 602 360 676 Quid
373 602 458 662 stiam
470 600 542 661 dicis
555 600 632 660 de
605 619 667 678 eJus
679 599 847 678 superficie
838 611 931 660 inter

185 698 245 757 m>

223 791 270 850 n:
286 792 420 850 Internae
442 788 527 848 faciei
551 788 625 847 cutis
651 806 735 847 verae
759 787 930 847 membrana

183 884 325 944 sellularis
337 884 523 955 adhaerescit,
536 894 567 945 et
578 884 654 944 alia
645 902 676 941 sn
688 882 772 942 aliam
782 884 930 962 gradatim

183 977 347 1055 degenerat.
429 1034 432 1040 .

223 1071 260 1138 Q
278 1070 375 1144 Quam
388 1080 562 1131 structuram
571 1012 929 1149 habentpapsslssnerro-

183 1162 254 1225 sae?

222 1259 260 1319 R
280 1260 444 1319 Nervorum
466 1279 503 1318 ex
521 1257 673 1328 fasciculis,
697 1257 771 1317 vasis
790 1268 820 1317 et
837 1256 968 1316 exba-

184 1351 319 1421 lantlbns,
342 1362 372 1413 et
393 1352 623 1421 absorbentibus,
645 1361 797 1423 oomtant3
817 1351 848 1410 in
867 1351 953 1434 illis.

180 1446 261 1504 enim
269 1446 351 1504 nervi
359 1445 479 1504 extremi
488 1443 702 1503 distribuuntur
709 1468 719 1516 ς
733 1464 801 1504 vass
809 1465 930 1524 quoque

183 1539 345 1598 exhalantia
356 1549 386 1599 et
398 1538 581 1598 absorbentis
593 1538 745 1598 innumera
757 1549 854 1599 cutem
873 1559 928 1618 pe-

182 1642 307 1705 netrant,
321 1644 408 1712 atque
421 1633 451 1691 in
464 1632 521 1691 illis
534 1653 584 1691 ora
596 1633 739 1710 aperiunt.

88 1729 95 1743 ⁴
222 1728 255 1795 Q.
277 1728 338 1788 Ubi
350 1727 474 1808 papillae
492 1729 630 1787 nervosae
648 1728 731 1787 valds
753 1716 928 1807 conspicuae
993 1798 995 1801 .

180 1824 271 1884 aunt?

220 1917 258 1976 n
279 1918 316 1975 ln
328 1915 441 1994 palmis,
455 1925 485 1974 et
497 1915 604 1993 plantis
617 1910 767 1985 maximae,
786 1924 816 1974 et
828 1914 926 1993 apices
994 1932 998 1939 ·

180 2007 338 2086 digitorum
352 2010 497 2079 versuasin
511 2010 660 2069 ordinibus
672 2010 781 2088 positae
787 2021 864 2069 sunt.
887 2012 924 2071 In

181 2101 267 2162 labris
279 2119 348 2161 vero
359 2103 506 2178 minimae,
519 2103 581 2162 villi
593 2101 924 2183 plerumque'uppellun-¹

181 2206 236 2256 tur.

221 2288 256 2355 Q.
275 2288 331 2348 Cui
343 2290 408 2349 usui
422 2289 476 2349 bae
486 2290 612 2370 papillas
623 2291 806 2351 inserviunt?

220 2379 258 2441 R.
278 2382 404 2461 Papillae
416 2403 554 2443 nervosae
565 2403 693 2462 organon
706 2386 798 2444 tactus
816 2385 925 2445 consti·

180 2486 276 2536 tuunt
298 2478 333 2536 ln
346 2478 567 2558 quibuscunque
578 2478 709 2557 partibus
722 2479 844 2538 maximi
854 2479 923 2558 pro-

180 2570 321 2632 mittentes
344 2583 431 2651 utque
455 2591 624 2631 numerosae
651 2582 728 2643 sunt,
755 2573 796 2632 ibi
822 2574 924 2632 senam

179 2664 271 2723 taetus
283 2667 464 2725 acutissimus
482 2676 535 2725 est.

220 2757 254 2825 Q.
274 2747 389 2831 Quibus
402 2759 575 2819 utilitatibus
588 2760 662 2819 eutis
675 2777 743 2819 vera
754 2760 921 2821 inservit?

217 2851 255 2914 R.
269 2852 350 2911 Cutis
363 2872 430 2912 vera
442 2868 546 2932 corpus
556 2853 686 2925 involvit,
700 2852 809 2914 firmius
816 2855 927 2927 reddit,

179 2966 215 3007 ao
227 2955 323 3028 partes
335 2946 398 3025 ejus
410 2947 486 3007 inter
498 2967 560 3007 sese
576 2948 701 3009 diversas
715 2948 877 3028 oonjungit,
891 2960 924 3009 st
