2000 3450
195 270 251 336 212
367 290 407 330 ns
422 288 640 332 nucsrracuto
652 290 755 334 cursa

86 399 96 413 ⁸
192 418 263 476 trica
275 415 458 486 comitantur,
473 416 566 473 forma
577 417 678 494 plexis
691 414 883 490 descendunt,
908 430 943 480 et

191 512 221 568 in
235 510 387 585 glandulas
399 509 478 589 apud
489 510 579 569 latera
591 511 712 588 vaginae
730 510 809 581 sitas,
829 512 944 571 deinde

191 604 223 660 in
235 603 342 673 iliacas,
353 604 475 663 ineunt:
490 613 600 662 caetera
612 600 789 680 lymphatica
800 606 880 663 uteri
888 622 943 664 va-

191 718 224 756 aa
237 701 393 777 sanguinea
406 701 574 777 spermatica
587 709 755 779 sequuntur,
769 709 798 758 et
811 701 942 779 ingiam

193 784 276 850 tlulas
289 792 432 852 lumbarcs
445 793 593 851 desinunt.
668 781 674 792 ⁵

234 886 269 951 Q.
290 887 358 959 Quo
365 887 540 965 lymphatica
549 888 658 945 vesicae
666 905 781 945 cursum
791 886 944 964 dirigunt?

232 976 271 1036 R.
291 980 367 1038 Vasa
374 980 533 1057 sanguinea
542 982 605 1058 ejus
615 990 783 1058 sequuntur,
794 998 848 1056 per
855 980 944 1056 glan.

193 1074 276 1132 tlulas
289 1075 428 1151 quasdam
441 1076 559 1153 exiguas
578 1078 610 1134 in
622 1077 758 1135 lateribus
777 1076 841 1152 ejus
861 1075 942 1147 sitas,

195 1164 300 1225 deinde
313 1167 343 1224 in
357 1169 512 1246 glandulis,
526 1190 600 1248 quae
614 1189 677 1227 vasa
688 1169 845 1247 sanguinea
859 1168 945 1227 iliaca

195 1258 308 1319 interna
321 1261 500 1333 circundant,
514 1264 677 1323 terminant

390 1556 430 1596 DE
443 1558 546 1599 DUCTU
567 1558 746 1599 rflouaclco.

236 1704 272 1783 Q.
288 1718 409 1796 'Quibus
422 1740 458 1779 cx
471 1720 546 1779 vasis
558 1720 663 1780 ductus
675 1720 836 1783 thoracicus
848 1720 902 1780 fit?

236 1812 275 1872 R.
295 1813 411 1872 Ductus
423 1814 583 1872 thoracicus
596 1815 798 1892 conjunctione
808 1833 941 1873 vasorum

194 1905 355 1966 lactearum
366 1921 452 1987 atque
462 1909 706 1986 lymphaticorum
714 1928 748 1966 ex
759 1908 891 1986 partibus
897 1909 942 1965 in·

155 2061 161 2082 Ι
196 2000 443 2078 ferioribusupud
462 2003 623 2060 vertebram
641 2001 806 2061 lumborum
828 2003 942 2060 tertiam

199 2094 382 2162 constitutus,
402 2079 470 2151 mox
484 2113 560 2170 pone
573 2104 681 2153 aortam
693 2114 711 2151 a
723 2094 839 2153 sinistro
852 2094 889 2152 a'd
899 2094 941 2153 la·

196 2181 247 2244 'tus
259 2185 322 2265 ejus
331 2185 471 2244 ‘dextrum
483 2186 599 2265 o'bliqui
609 2191 722 2268 transit.

241 2279 276 2344 Q.
296 2278 378 2351 Quid
391 2280 428 2338 de
439 2281 610 2357 receptaculo
621 2280 694 2358 clyti
706 2279 863 2357 intelligis?

239 2373 278 2433 R.
298 2375 416 2434 Ductus
428 2374 459 2431 in
472 2385 554 2453 parte
568 2389 620 2433 sua
631 2374 765 2432 inferiore
782 2373 861 2450 apud
880 2390 939 2430 ver·

201 2470 311 2530 tebram
324 2469 489 2530 lumborum
503 2470 625 2547 primam
637 2469 730 2526 multo
748 2466 870 2545 amplior
888 2474 938 2536 est,

202 2573 232 2621 et
244 2562 356 2622 sacculo
369 2574 454 2622 ovato
466 2564 630 2635 subsimilis,
645 2563 692 2621 cui
701 2571 941 2640 uomenrecepta·

201 2655 300 2716 culum
312 2649 395 2735 chyli'
403 2659 570 2735 impositum
583 2667 633 2716 est

241 2751 278 2816 Q.
301 2753 397 2832 Quem
410 2771 526 2811 cursum
539 2759 619 2809 tenet
631 2750 736 2808 ductus
750 2749 929 2828 thoracicus?

241 2843 279 2899 R.
299 2844 325 2901 Ii
338 2846 518 2922 r'e'cepta'cuio
531 2844 609 2922 chyli
622 2855 698 2922 p'one
710 2859 776 2902 crus
788 2843 936 2920 diaphrag-

201 2931 440 3009 matisdextrum,
455 2936 559 2996 deinde
571 2936 761 2997 in'thoracem
773 2935 850 2996 inter
858 2933 936 2994 crura
