2000 3450
160 297 167 305 ·
273 280 277 297 '
322 282 577 330 insonarurrsus.
761 279 818 339 207

124 400 162 483 Q.
182 414 286 471 Nonne
295 411 327 469 in
339 431 424 471 eursu
432 432 484 489 per
495 412 646 489 glandulas
656 420 820 476 transeunt?

123 509 165 566 R.
187 509 222 564 In
235 507 294 569 viis
302 525 401 564 eornm
410 505 564 583 glandulae
574 507 740 567 innumerae
753 529 821 569 con-

81 600 217 676 globatae
230 608 298 656 sunt
310 599 427 675 positae,
440 616 492 676 per
506 616 576 675 quas
586 609 743 658 transeunt.

123 690 160 756 Q.
181 691 236 748 Cui
249 691 314 748 usui
327 690 392 749 illae
404 691 559 768 glandulae
571 692 708 751 inservire
721 695 827 753 viden·-

81 786 154 845 turi
763 784 768 803 “

119 878 160 937 R.
181 877 259 936 Usus
272 897 369 936 earum
382 878 484 957 partlm
498 881 630 958 cognitus
643 889 695 951 est,
711 880 770 938 veri
780 888 823 938 ta-

80 988 152 1028 rnen
165 970 257 1030 simile
270 981 322 1041 est,
340 973 489 1032 introitum
503 994 599 1032 rerum
612 974 772 1044 noxiarum,
786 974 824 1030 si·

81 1064 154 1135 cuti,
180 1067 293 1135 veneni,
320 1067 455 1126 materiae
481 1068 622 1144 putridae,
648 1070 769 1140 tardare,
792 1082 823 1130 et

81 1154 295 1236 quodammodo
309 1178 362 1237 pro
379 1170 508 1238 tempore
521 1161 670 1237 impedire,
691 1183 749 1240 quo
767 1166 823 1221 mi·

83 1270 141 1309 nus
152 1250 236 1310 facile
249 1253 280 1310 in
293 1270 415 1311 massam
428 1253 576 1330 sanguinis
590 1254 801 1313 inveherentur.

121 1342 157 1409 Q·
171 1344 325 1417 Quomodo
333 1364 400 1405 vasa
407 1346 588 1407 absorbentia
597 1347 768 1426 plerumque
778 1348 823 1406 di.

80 1435 245 1499 violantur?

119 1532 159 1591 1t.
180 1534 251 1592 Fere
263 1535 294 1593 in
307 1556 375 1595 vasa
386 1536 485 1605 lactes,
498 1530 530 1592 in
542 1533 728 1612 lymphatica,
748 1543 778 1594 et
791 1536 822 1593 in

82 1625 203 1683 ductum
216 1627 399 1688 thoracicum.

120 1718 155 1785 Q,
176 1721 237 1782 Ubi
249 1722 376 1801 eorporis
388 1741 456 1781 vaso
462 1721 554 1779 lactea
563 1721 688 1798 origines
696 1722 824 1781 ducunt?

120 1815 157 1876 R.
173 1818 200 1875 A
211 1817 353 1890 duodeno,
364 1815 542 1895 praecipuis
551 1814 662 1892 jejuno,
676 1826 707 1874 et
717 1818 823 1895 partini

81 1912 118 1969 eb
128 1911 192 1969 ileo.

121 2005 156 2071 Q.
176 2001 237 2063 Ubi
250 2005 375 2082 eorporis
388 2003 565 2081 lymphatica
578 2004 728 2065 oriuntur?

120 2097 157 2157 R.
178 2098 232 2156 Ab
251 2098 384 2155 omnibus
407 2098 525 2156 caeteris
548 2098 677 2176 partibus
697 2100 824 2179 corporis

83 2191 207 2267 origines
220 2190 340 2250 ducunt.

79 2296 84 2308 '
120 2283 155 2348 Q,
172 2285 233 2344 Ubi
245 2285 350 2342 duetus
363 2283 525 2343 thoraeicus
538 2284 626 2344 situm
638 2287 746 2343 habet?

119 2379 157 2437 R.
178 2380 293 2436 Ductus
306 2375 355 2435 ille
367 2387 397 2435 et
410 2377 529 2455 chylum
542 2399 559 2436 a
579 2379 686 2447 lacteis,
708 2389 738 2437 et
748 2379 823 2455 lym.

82 2472 168 2550 pham
181 2472 218 2528 ab
230 2469 364 2529 omnibus
373 2469 432 2529 fere
441 2470 626 2548 lymphaticis
635 2469 748 2546 accipit,
759 2488 825 2529 cur·

83 2583 202 2642 sumque
214 2573 295 2623 tenet
309 2561 421 2624 sursdm
436 2581 523 2642 super
535 2566 680 2624 vertebras
692 2565 728 2620 ad
738 2563 824 2640 june-

83 2658 189 2717 tionem
203 2675 294 2716 venae
315 2657 478 2718 nubelariae
490 2657 621 2717 sinistrae
633 2656 824 2736 etjugularis,

83 2750 290 2812 ubiterminat.
766 2775 768 2778 ·
835 2769 840 2776 “
