2000 3450
279 243 318 285 nr
333 244 478 286 vauvunrs
497 243 653 287 vuuauurs.
781 235 835 297 129

92 385 178 425 mero
190 367 288 444 plures
300 377 368 428 aunt
374 391 384 438 3
407 369 622 447 conjunctiones
636 371 753 429 interae
771 369 835 446 plu·

91 460 186 518 rimas
197 460 315 534 faciunt.
348 510 352 516 .
689 449 692 454 ⁴

135 552 174 617 Q.
195 552 350 611 Habentne
363 573 452 611 venue
464 555 611 613 valvulas?

134 645 177 703 R.
196 646 288 715 eene,
301 646 332 703 in
342 646 422 705 venis
431 648 644 706 extremitatum
654 646 835 705 valvulaein-

94 756 245 809 numerae,
256 739 342 798 binae
349 740 444 809 simul,
454 740 610 799 intervallis
619 741 694 799 inter
703 759 734 799 se
741 739 836 808 variis,

94 839 257 906 ponuntur,
281 849 354 910 quae
376 834 545 911 sanguinem
565 853 613 891 nor
632 852 730 892 versus
750 831 837 889 fluere

95 923 258 1000 patiuntur,
270 925 362 984 redire
374 937 470 985 autem
482 948 500 985 a
512 927 598 987 eorde
610 927 772 1004 probibent

137 1016 176 1081 Q
194 1018 303 1077 Annon
328 1019 409 1078 venia
430 1020 538 1097 ubique
559 1021 685 1097 eorporis
707 1019 836 1077 valvulae

97 1109 226 1168 adarmt?
408 1127 411 1131 ⁴

135 1204 176 1261 R.
196 1205 274 1275 Non,
287 1207 368 1265 venis
381 1207 458 1265 enim
471 1206 590 1278 cerebri,
604 1206 735 1274 thoracis,
748 1210 778 1262 et
787 1204 837 1261 ab·

98 1298 233 1369 dominis,
247 1299 377 1358 valvulae
389 1300 513 1372 desunt3
526 1301 607 1360 venia
619 1297 794 1378 spermatieis
808 1304 837 1354 et

98 1391 246 1451 interdum
259 1393 432 1466 mammariis
444 1393 573 1464 internis,
593 1393 737 1472 ramisque
748 1407 837 1451 venae

99 1486 186 1563 azygi
199 1485 332 1562 exeeptis.

98 1633 101 1642 Α
139 1578 177 1645 Q.-
199 1577 313 1650 Quibua
325 1579 411 1638 rebus
423 1600 513 1652 venae
525 1582 704 1660 inserviunt?

138 1671 177 1730 R.
197 1671 295 1731 Venae
318 1674 488 1751 sanguinem
506 1676 543 1734 ab
562 1675 672 1734 arteriis
691 1673 835 1741 extremis,

100 1765 220 1842 ebylum
232 1774 262 1824 et
273 1766 423 1845 lympham
434 1788 452 1826 a
464 1767 536 1826 rasis
548 1765 776 1833 absorbentibus,
791 1782 837 1823 ae·

101 1858 222 1936 cipiunt,
245 1867 331 1939 atque
349 1860 380 1919 in
399 1861 474 1920 latua
492 1861 627 1920 dextrum
645 1857 837 1935 nordisinve·

104 1949 185 2013 bunt

215 2238 255 2279 DE
267 2237 356 2281 VENIS
369 2239 507 2283 nultum!
522 2238 725 2293 SUPERIORUM.

141 2405 176 2470 Q
198 2406 279 2478 Quae
290 2425 381 2466 venae
393 2409 560 2486 sanguinem
574 2408 732 2486 apartibus
745 2413 838 2469 extet·

104 2501 148 2560 nis
160 2499 261 2577 rapitis
273 2500 412 2577 facieique
423 2503 586 2561 revehunt?
677 2533 680 2542 ·

86 2654 93 2673 .
141 2593 180 2652 rt
199 2592 297 2651 Venae
306 2592 454 2671 jugulares
466 2604 609 2653 externae.

143 2687 178 2751 Q.
198 2686 281 2758 Quae
289 2705 378 2745 venae
382 2689 545 2769 jugularent
554 2696 692 2746 externum
700 2684 842 2745 efficiunt?

142 2780 179 2836 R.
200 2778 298 2838 Venae
318 2782 457 2851 frontalis,
482 2781 599 2851 facialis,
626 2778 655 2839 et
677 2779 838 2859 temporalis

105 2871 252 2952 paululum
265 2873 340 2934 iufra
352 2876 490 2955 angulum
503 2874 634 2934 maxillae
642 2875 782 2935 inferioris
792 2892 838 2933 eo·
