2000 3450
202 254 259 312 216
504 273 542 312 na
557 274 637 314 vasis

200 406 263 452 turn
276 395 451 454 thoracicum
464 415 554 477 prope
567 397 798 478 terminationem
811 400 873 476 ejus
893 402 942 458 in.

197 496 262 548 trat.

313 822 353 863 DE
366 821 451 862 vasis
470 819 681 860 Lvurflnnlcts
695 823 820 864 cnel'rrs.

234 970 269 1037 Q
280 973 375 1044 Quem
383 992 499 1032 cursum
508 971 684 1048 lymphatica
694 974 795 1052 capitis
804 978 937 1032 teneant?

232 1066 270 1123 R.
290 1056 480 1143 Lymphatica
493 1064 594 1141 capitis
607 1084 723 1123 cursum
742 1067 876 1136 eundern,
899 1087 935 1124 ac

189 1147 311 1218 arteriae
324 1168 354 1215 et
366 1178 464 1231 venae,
478 1167 597 1227 tenent;
612 1157 687 1215 inter
696 1179 757 1217 sese
766 1159 872 1217 iterum
880 1160 933 1216 ite-

192 1275 315 1333 rumque
329 1255 561 1332 conjunguntur,'
578 1263 607 1310 et
619 1253 705 1311 simul
719 1274 785 1312 cum
795 1256 877 1313 venie
886 1259 933 1334 ju·

190 1350 340 1427 gularibus
353 1346 476 1405 externis
489 1356 519 1404 et
531 1346 652 1404 internis
668 1347 855 1425 descendunt,
876 1350 931 1418 oir-

190 1461 258 1499 cum
272 1460 352 1520 qnae,
373 1449 403 1498 et
415 1441 525 1498 circum
537 1440 670 1497 arteriam
690 1441 843 1499 carotidem
858 1460 929 1519 quo-

189 1554 247 1612 que
260 1535 378 1611 plexum
391 1533 583 1600 constituunt,
596 1531 702 1591 deinde
715 1554 766 1611 per
778 1535 928 1613 glandulas

187 1637 386 1685 concatenatas
409 1626 484 1695 colli,
507 1635 541 1683 ut
553 1626 640 1703 vulgo
653 1627 802 1697 dicuntum
819 1639 927 1686 transe-

187 1722 251 1793 unt,
274 1732 304 1781 et
317 1741 407 1799 prope
423 1740 569 1778 summum
590 1721 734 1781 thoracem
747 1723 778 1779 in
791 1733 928 1782 truntnm

186 1836 279 1875 unum
297 1816 356 1873 fert
377 1814 560 1891 colliguntur,
581 1817 681 1892 quiin
704 1817 791 1874 latere
813 1818 927 1874 sinistro

186 1910 313 1987 corporis
326 1910 357 1966 in
370 1909 490 1966 ductum
503 1907 677 1967 thoracicum
687 1911 734 1968 vel
745 1911 777 1967 in
790 1921 927 1968 truncum

97 1999 100 2003 ’
184 2003 428 2080 lymphaticorum
440 2001 625 2059 extremitatis
638 2003 767 2060 sinistrae
775 2004 864 2061 intrat
871 2027 880 2073 ;
894 2006 926 2061 in

183 2097 286 2156 dextro
298 2105 395 2153 autem
407 2096 585 2152 inxtruneum
605 2094 786 2172 lymphaticis
809 2099 924 2175 pulmo-

182 2189 227 2248 nis
240 2187 343 2257 dextri,
356 2186 467 2245 brachii
478 2188 581 2257 dextri,
594 2189 826 2267 caeterarumque
834 2190 923 2268 parti·

165 2319 168 2326 ·
180 2302 232 2342 um
245 2280 374 2364 ejusdem
386 2281 491 2351 lateris,
506 2281 693 2340 constitutum
705 2282 819 2342 desinit.

222 2376 257 2442 Q.
278 2377 383 2434 Nonne
395 2374 510 2432 valvula
522 2374 600 2450 apud
612 2376 700 2433 finem
709 2375 813 2434 ductirs
825 2376 923 2434 thora-

180 2474 244 2544 eici,
267 2479 298 2548 et
317 2468 433 2527 alterius
455 2468 565 2551 ducttra¹
578 2487 693 2548 quoque
711 2469 807 2527 lateris
826 2470 921 2544 dextri

179 2566 319 2647 ponitur?
568 2631 571 2634 ¹
823 2633 825 2637 ,

218 2663 255 2719 R.
273 2656 397 2726 ‚Valvula
409 2656 487 2733 apud
500 2658 570 2720 fines
580 2673 679 2714 eorum
693 2658 833 2715 ductuum
841 2659 921 2733 posi·

176 2753 289 2835 taedeo
303 2749 490 2823 construitur,¹
500 2761 534 2826 ut
547 2751 665 2827 ch'yium
675 2761 704 2809 et
713 2751 863 2828 lympham
875 2751 919 2808 n.

175 2843 281 2906 'oillime
300 2840 417 2918 effluere
431 2844 576 2920 patiatur;
603 2844 773 2924 sanguinem
795 2864 863 2904 vero
885 2846 916 2907 in

174 2939 277 3001 ductus
290 2935 395 2996 intrare
408 2936 565 3018 prohibeat.
586 2955 589 2962 ’
630 2959 642 2964 ··
710 2971 713 2974 Χ
734 2958 756 2968 “’
