2000 3450
166 245 224 299 202
323 261 363 302 or
375 256 586 301 concocrrour
600 260 746 301 crsonou.
771 222 774 233 ’

165 392 217 452 est,
232 401 266 440 eo
280 385 419 461 copiosior
432 402 534 442 succus
543 384 683 461 gastricus
696 383 863 455 secernitur,
875 393 911 443 et

164 475 228 532 vice
242 468 332 535 verst.

206 568 243 634 Q·
263 570 343 642 Quid
358 566 535 631 concoctioni
553 571 721 630 duodenum
733 571 887 630 attribuit?

209 665 243 723 R.
267 665 428 723 Duodenum
451 667 529 724 cibos
548 666 652 742 partim
676 675 825 722 concoctos
845 665 910 723 sive

166 759 306 837 chymum
318 780 335 816 a
349 761 508 818 ventriculo
526 759 640 835 accipit,
660 778 787 826 mucum,
807 758 909 827 bilem,

166 862 197 910 et
210 854 349 930 liquorem
362 854 575 930 puncreaticum
592 853 635 909 illi
654 851 818 928 permisceri
837 871 911 928 sup-

166 947 286 1024 peditat,
307 947 412 1025 quibus
430 949 565 1006 omnibus
578 946 721 1024 permistis
735 947 910 1003 mutationes

166 1058 258 1099 novae
271 1040 424 1113 chemicae,
438 1042 510 1099 aliae
523 1051 588 1118 post
595 1042 673 1108 olias,
685 1039 820 1097 accidunt
827 1061 837 1108 3
850 1058 911 1096 un-

167 1134 205 1191 de
219 1134 370 1193 humorem
382 1137 560 1193 nutrientem
571 1135 630 1193 sive
640 1133 747 1212 chylum
760 1141 910 1209 generent.

208 1228 244 1294 Q.
258 1234 306 1286 An
317 1230 451 1308 jejunum
464 1242 494 1287 et
507 1230 595 1288 ileum
609 1228 718 1306 aliquid
731 1227 911 1286 concoctioni

166 1326 341 1385 conferunt?

207 1420 247 1477 R.
265 1420 396 1496 er‘unnm
409 1428 437 1475 et
450 1419 530 1475 ileum
543 1419 668 1494 spatium
685 1417 813 1493 amplum
826 1434 910 1492 prae·

168 1515 248 1582 bent,
269 1518 327 1589 qu'o
346 1512 487 1588 principia
500 1511 628 1568 chemica
640 1530 748 1568 massae
760 1508 909 1567 alimentu-

168 1605 227 1665 rice
239 1623 300 1662 sese
312 1605 445 1674 afficiant,
466 1604 688 1681 compositiones
700 1623 797 1673 novas,
816 1613 845 1659 et
858 1601 911 1659 de-

109 1776 113 1784 .
167 1699 390 1778 compositiones
415 1699 547 1768 subeant,
571 1699 677 1775 quibus
697 1697 763 1776 plus
785 1696 911 1775 plusque

167 1794 248 1872 chyli
258 1793 426 1853 conficiatur
433 1815 443 1864 3
462 1794 587 1870 ideoque
599 1793 746 1851 concoctio
758 1791 911 1868 perfectior

169 1891 210 1948 fit.
335 1893 338 1898 ⁴

208 1983 243 2048 Q.
257 1984 338 2043 Num
347 1982 516 2041 intestinum
524 1981 607 2039 colon
615 1980 792 2039 concoctioni
798 1977 911 2056 aliquid

166 2078 351 2135 contribuit?

206 2171 244 2228 R.
267 2170 351 2229 Coton
364 2171 482 2247 quidem
495 2166 589 2229 inulto
607 2170 702 2228 minirs
721 2169 909 2239 concoctioni,

168 2266 256 2342 quim
269 2264 406 2322 intestina
419 2266 526 2334 tenuia,
539 2264 619 2332 facit,
639 2284 761 2321 massam
778 2253 846 2321 verb
859 2265 913 2320 oli-

168 2359 338 2416 menturiam
351 2358 403 2416 diu
417 2358 530 2426 retinet,
545 2377 604 2433 quo
620 2376 675 2433 ope
684 2357 911 2414 fermentationis

168 2453 224 2510 sibi
237 2452 389 2530 peculiaris
402 2472 487 2510 omne
501 2452 633 2508 nutriens
653 2451 683 2507 in
704 2449 823 2528 chylum
842 2469 912 2524 conf

169 2556 306 2616 vertatur,
327 2556 358 2604 et
376 2546 492 2604 tandem
515 2544 619 2601 inutile
638 2554 747 2602 stercus
765 2543 804 2600 ad
821 2562 912 2601 anum

82 2643 86 2649 ’
169 2659 269 2698 versus
282 2641 421 2719 paulatim
435 2626 648 2707 submoveatur,
670 2647 703 2695 ut
722 2637 826 2695 idoneo
838 2647 912 2696 tem·

169 2750 239 2807 pore
252 2743 428 2791 excernotur.

211 2824 245 2891 Q·
266 2828 314 2884 An
327 2828 474 2888 concoctio
486 2829 576 2906 igitur
590 2828 623 2887 fit
637 2829 674 2887 ab
692 2825 855 2903 oesophrgo
870 2817 910 2881 ul

168 2934 259 2973 anum
272 2924 385 2995 usque?
825 2956 827 2958 »
