2000 3450
394 285 428 328 rn
442 282 559 327 cosmo
801 257 838 321 '55

32 400 34 427 '
106 426 155 493 qm
146 406 207 471 ‘ad
219 431 269 470 cor
287 431 380 489 osque
399 410 594 480 descendunt3
618 419 647 468 et
668 394 817 468 tandem
807 427 839 465 sn

32 488 34 593 i
105 507 495 584 radicelinguaeevanescit.

145 602 182 668 Q.
203 602 286 674 Quid
297 610 378 659 ηοω
390 601 429 658 de
440 620 529 659 nervo
537 598 713 658 accessorio?
769 627 773 635 ·
799 630 802 637 v

144 700 183 760 R.
203 696 292 756 Nervi
311 696 454 755 accessorii
474 694 512 753 ad
530 698 770 771 paroctavum‘e
788 698 844 752 rne-⁴

106 792 184 852 douo
195 791 342 870 oblongam
354 802 384 849 et
396 791 475 849 initio
482 789 614 847 medullae
621 788 736 868 spinalis
744 788 846 845 orion-²

107 898 164 957 tur,
186 905 203 945 e
215 887 313 944 cronio
324 905 392 945 cum
404 904 472 962 pare
484 895 585 943 octavo
603 893 719 954 exeunt,
738 882 846 940 deinde

106 1000 160 1039 suo
177 979 268 1037 latere
285 980 428 1038 ramulum
445 996 537 1037 unum
555 996 645 1035 nervo
663 978 845 1056 pharyngeo‚

75 1064 80 1073 .
106 1078 231 1137 alterum
243 1078 305 1155 pari
318 1097 401 1155 vago,
423 1076 577 1144 emittunt3
600 1075 845 1152 sub-occipitalem

107 1191 186 1242 arcu,
199 1182 230 1231 et
243 1171 354 1250 ssepiirs
372 1171 500 1248 primum
520 1167 688 1226 cervicalem
704 1169 845 1247 jungunt,

107 1276 137 1325 et
148 1266 268 1325 tandem
281 1266 312 1324 in
324 1264 461 1324 musculis
473 1272 654 1323 evanescunt.

149 1360 185 1427 Q.
205 1360 312 1419 Nonne
325 1370 392 1418 sunt
404 1379 457 1437 par
475 1377 592 1436 vagum,
611 1357 846 1436 glosso-pharyn-

73 1484 78 1501 ι
109 1474 190 1535 gens,
204 1464 236 1513 et
247 1474 355 1514 nervus
367 1455 538 1513 accessorius
550 1451 632 1511 nervi
644 1453 776 1531 separati,
790 1450 849 1523 vel,

108 1550 182 1609 alius
194 1551 234 1607 ab
245 1550 311 1620 alio,
324 1549 472 1608 distincti?

147 1645 188 1703 R
210 1644 259 1702 Illi
270 1644 353 1701 nervi
362 1643 424 1721 jam
435 1645 585 1702 memorati
597 1664 634 1703 ex
646 1645 747 1702 eodem
764 1643 849 1702 fasci·

110 1740 186 1810 culo,
200 1737 248 1797 vel
260 1738 371 1815 origine
384 1738 530 1796 communi
542 1739 611 1795 oriri
619 1738 755 1796 videntur
762 1760 772 1807 ;
785 1739 850 1796 bre-

110 1834 140 1892 vi
153 1844 252 1891 autem
266 1836 358 1909 spatio
370 1831 499 1889 distincti
509 1840 657 1908 apparent,
670 1829 854 1908 nominaigis

111 1937 160 1987 tur
172 1926 288 1984 diversa
300 1925 335 1983 iis
347 1925 481 2003 imposita
493 1935 582 2004 sunt.
596 1925 600 1934 '

152 2021 188 2087 Q.
209 2020 268 2080 Dic
281 2020 353 2078 mihi
366 2020 491 2079 breviter
500 2019 642 2098 originem
654 2027 741 2098 atque
752 2017 850 2077 distri-

111 2119 266 2179 butionem
277 2134 431 2173 nervorum
444 2115 513 2172 noni
525 2116 610 2192 poris.
634 2180 637 2186 ‚

154 2214 192 2271 R.
207 2200 305 2268 Nerii
317 2208 387 2267 noni
399 2209 485 2286 paris,
497 2210 545 2267 vel
552 2209 696 2290 lingnula,
709 2231 726 2269 e
737 2210 855 2271 medulla

115 2304 262 2385 oblongam
276 2303 351 2361 inter
363 2321 481 2381 corpora
492 2303 609 2371 oliverio
621 2315 650 2363 et
667 2306 856 2382 pyramidalia

114 2402 260 2468 oriuntur,
271 2418 288 2456 e
298 2397 394 2456 cronio
402 2398 601 2474 performina
610 2398 856 2476 condyloideaan.

32 2535 34 2538 ·
116 2497 222 2554 teriora
234 2490 431 2570 egrediuntur,
445 2491 550 2551 deinde
562 2512 629 2552 cum
641 2512 731 2550 nervo
740 2494 856 2550 sub-oc·

118 2588 229 2667 cipitali
242 2588 314 2663 ipso,
328 2585 375 2642 vel
387 2591 465 2656 aneu,
479 2586 531 2665 qui
549 2587 636 2666 hujus
655 2575 856 2663 conjunctione

116 2693 148 2741 et
159 2680 249 2760 primi
260 2679 407 2738 cervicalis
419 2682 567 2749 formatur,
587 2682 643 2738 hoc
654 2689 683 2737 et
700 2680 760 2738 illo
768 2682 857 2740 latere

116 2774 346 2845 communicant,
366 2784 395 2832 et
407 2774 498 2853 paulo-
505 2774 623 2832 inferiis
635 2773 861 2834 descendentem*

116 2871 191 2930 noni
203 2871 350 2941 emittunt,
364 2868 673 2947 demumque'ramulos
683 2870 793 2929 mediae
798 2869 858 2929 iin-

115 2981 195 3040 gese
206 2961 349 3043 plurimos
360 2963 439 3034 dant,
453 2974 539 3042 etque
551 2963 592 3025 ibi
604 2959 785 3026 evanescunt.
813 2995 823 3008 .
