<?xml version="1.0" encoding="UTF-8"?>
<!DOCTYPE html PUBLIC "-//W3C//DTD XHTML 1.0 Transitional//EN"
    "http://www.w3.org/TR/xhtml1/DTD/xhtml1-transitional.dtd">
<html xmlns="http://www.w3.org/1999/xhtml" xml:lang="en" lang="en">
 <head>
  <title>
</title>
<meta http-equiv="Content-Type" content="text/html;charset=utf-8" />
  <meta name='ocr-system' content='tesseract 3.04.00' />
  <meta name='ocr-capabilities' content='ocr_page ocr_carea ocr_par ocr_line ocrx_word'/>
</head>
<body>
  <div class='ocr_page' id='page_1' title='image "./colloquiaanatom01robegoog_0178.png"; bbox 0 0 2000 3450; ppageno 0'>
   <div class='ocr_carea' id='block_1_1' title="bbox 168 242 633 317">
    <p class='ocr_par' dir='ltr' id='par_1_1' title="bbox 168 242 633 317">
     <span class='ocr_line' id='line_1_1' title="bbox 168 242 633 317; baseline -0.006 -24"><span class='ocrx_word' id='word_1_1' title='bbox 168 242 222 294; x_wconf 71' lang='lat'><strong>152</strong></span> <span class='ocrx_word' id='word_1_2' title='bbox 437 253 633 317; x_wconf 71' lang='lat' dir='ltr'><strong>nscnsurcrs</strong></span> 
     </span>
    </p>
   </div>
   <div class='ocr_carea' id='block_1_2' title="bbox 251 522 815 592">
    <p class='ocr_par' dir='ltr' id='par_1_2' title="bbox 251 522 815 592">
     <span class='ocr_line' id='line_1_2' title="bbox 251 522 815 592; baseline -0.011 -23"><span class='ocrx_word' id='word_1_3' title='bbox 251 527 293 592; x_wconf 62' lang='grc' dir='ltr'><strong>Ῐὶβ</strong></span> <span class='ocrx_word' id='word_1_4' title='bbox 306 526 450 568; x_wconf 72' lang='lat' dir='ltr'><strong>curulem</strong></span> <span class='ocrx_word' id='word_1_5' title='bbox 464 522 629 568; x_wconf 68' lang='lat' dir='ltr'><strong>sanaturus</strong></span> <span class='ocrx_word' id='word_1_6' title='bbox 642 525 815 566; x_wconf 78' lang='lat' dir='ltr'><strong>l’lllNCll&#39;llS.</strong></span> 
     </span>
    </p>
   </div>
   <div class='ocr_carea' id='block_1_3' title="bbox 114 695 910 2849">
    <p class='ocr_par' dir='ltr' id='par_1_3' title="bbox 159 695 910 865">
     <span class='ocr_line' id='line_1_3' title="bbox 202 695 910 774; baseline 0.006 -21"><span class='ocrx_word' id='word_1_7' title='bbox 202 696 245 762; x_wconf 68' lang='lat' dir='ltr'><strong>Q:</strong></span> <span class='ocrx_word' id='word_1_8' title='bbox 258 697 339 774; x_wconf 84' lang='lat' dir='ltr'><strong>Quid</strong></span> <span class='ocrx_word' id='word_1_9' title='bbox 352 697 487 773; x_wconf 83' lang='lat' dir='ltr'><strong>sanguini</strong></span> <span class='ocrx_word' id='word_1_10' title='bbox 507 695 620 765; x_wconf 86' lang='lat' dir='ltr'><strong>accidit,</strong></span> <span class='ocrx_word' id='word_1_11' title='bbox 640 705 792 774; x_wconf 87' lang='lat' dir='ltr'><strong>postquam</strong></span> <span class='ocrx_word' id='word_1_12' title='bbox 808 715 826 754; x_wconf 88' lang='lat' dir='ltr'><strong>e</strong></span> <span class='ocrx_word' id='word_1_13' title='bbox 846 716 910 757; x_wconf 83' lang='lat' dir='ltr'><strong>eor·</strong></span> 
     </span>
     <span class='ocr_line' id='line_1_4' title="bbox 159 791 442 865; baseline 0.004 -18"><span class='ocrx_word' id='word_1_14' title='bbox 159 808 232 865; x_wconf 78' lang='lat' dir='ltr'><strong>pore</strong></span> <span class='ocrx_word' id='word_1_15' title='bbox 243 791 364 848; x_wconf 84' lang='lat' dir='ltr'><strong>emissus</strong></span> <span class='ocrx_word' id='word_1_16' title='bbox 378 795 442 848; x_wconf 87' lang='lat' dir='ltr'><strong>est?</strong></span> 
     </span>
    </p>

    <p class='ocr_par' dir='ltr' id='par_1_4' title="bbox 114 884 909 1151">
     <span class='ocr_line' id='line_1_5' title="bbox 200 884 909 961; baseline 0.003 -20"><span class='ocrx_word' id='word_1_17' title='bbox 200 884 238 941; x_wconf 81' lang='lat' dir='ltr'><strong>R.</strong></span> <span class='ocrx_word' id='word_1_18' title='bbox 261 884 383 961; x_wconf 75' lang='lat' dir='ltr'><strong>Sanguis</strong></span> <span class='ocrx_word' id='word_1_19' title='bbox 396 903 414 941; x_wconf 86' lang='lat' dir='ltr'><strong>e</strong></span> <span class='ocrx_word' id='word_1_20' title='bbox 426 903 547 961; x_wconf 85' lang='lat' dir='ltr'><strong>corpore</strong></span> <span class='ocrx_word' id='word_1_21' title='bbox 559 885 672 954; x_wconf 87' lang='lat' dir='ltr'><strong>missus,</strong></span> <span class='ocrx_word' id='word_1_22' title='bbox 695 884 792 942; x_wconf 85' lang='lat' dir='ltr'><strong>sinon</strong></span> <span class='ocrx_word' id='word_1_23' title='bbox 814 885 909 961; x_wconf 82' lang='lat' dir='ltr'><strong>agite·</strong></span> 
     </span>
     <span class='ocr_line' id='line_1_6' title="bbox 158 975 908 1055; baseline 0.005 -24"><span class='ocrx_word' id='word_1_24' title='bbox 158 985 216 1043; x_wconf 73' lang='lat' dir='ltr'><strong>tur,</strong></span> <span class='ocrx_word' id='word_1_25' title='bbox 237 975 268 1033; x_wconf 89' lang='lat' dir='ltr'><strong>in</strong></span> <span class='ocrx_word' id='word_1_26' title='bbox 287 996 410 1035; x_wconf 85' lang='lat' dir='ltr'><strong>massam</strong></span> <span class='ocrx_word' id='word_1_27' title='bbox 429 979 487 1035; x_wconf 87' lang='lat' dir='ltr'><strong>coit</strong></span> <span class='ocrx_word' id='word_1_28' title='bbox 510 980 628 1036; x_wconf 87' lang='lat' dir='ltr'><strong>rubram</strong></span> <span class='ocrx_word' id='word_1_29' title='bbox 647 978 808 1048; x_wconf 77' lang='lat' dir='ltr'><strong>tremulam,</strong></span> <span class='ocrx_word' id='word_1_30' title='bbox 831 998 908 1055; x_wconf 85' lang='lat' dir='ltr'><strong>quae</strong></span> 
     </span>
     <span class='ocr_line' id='line_1_7' title="bbox 114 1069 751 1151; baseline 0.009 -27"><span class='ocrx_word' id='word_1_31' title='bbox 114 1079 115 1086; x_wconf 75' lang='grc'>’</span> <span class='ocrx_word' id='word_1_32' title='bbox 156 1070 244 1126; x_wconf 86' lang='lat' dir='ltr'><strong>brevi</strong></span> <span class='ocrx_word' id='word_1_33' title='bbox 256 1069 286 1128; x_wconf 86' lang='lat' dir='ltr'><strong>iu</strong></span> <span class='ocrx_word' id='word_1_34' title='bbox 300 1091 395 1130; x_wconf 88' lang='lat' dir='ltr'><strong>serum</strong></span> <span class='ocrx_word' id='word_1_35' title='bbox 409 1082 439 1130; x_wconf 92' lang='lat' dir='ltr'><strong>et</strong></span> <span class='ocrx_word' id='word_1_36' title='bbox 449 1092 580 1132; x_wconf 87' lang='lat' dir='ltr'><strong>cruorem</strong></span> <span class='ocrx_word' id='word_1_37' title='bbox 595 1083 751 1151; x_wconf 86' lang='lat' dir='ltr'><strong>separatur.</strong></span> 
     </span>
    </p>

    <p class='ocr_par' dir='ltr' id='par_1_5' title="bbox 199 1163 811 1245">
     <span class='ocr_line' id='line_1_8' title="bbox 199 1163 811 1245; baseline 0.003 -23"><span class='ocrx_word' id='word_1_38' title='bbox 199 1163 234 1228; x_wconf 80' lang='lat' dir='ltr'><strong>Q.</strong></span> <span class='ocrx_word' id='word_1_39' title='bbox 255 1165 336 1237; x_wconf 85' lang='lat' dir='ltr'><strong>Quid</strong></span> <span class='ocrx_word' id='word_1_40' title='bbox 348 1167 385 1224; x_wconf 91' lang='lat' dir='ltr'><strong>de</strong></span> <span class='ocrx_word' id='word_1_41' title='bbox 398 1187 459 1225; x_wconf 85' lang='lat' dir='ltr'><strong>sero</strong></span> <span class='ocrx_word' id='word_1_42' title='bbox 470 1167 644 1245; x_wconf 79' lang='lat' dir='ltr'><strong>generaliter</strong></span> <span class='ocrx_word' id='word_1_43' title='bbox 655 1167 811 1225; x_wconf 84' lang='lat' dir='ltr'><strong>observas?</strong></span> 
     </span>
    </p>

    <p class='ocr_par' dir='ltr' id='par_1_6' title="bbox 151 1259 910 1978">
     <span class='ocr_line' id='line_1_9' title="bbox 197 1259 908 1338; baseline 0.006 -22"><span class='ocrx_word' id='word_1_44' title='bbox 197 1259 235 1316; x_wconf 77' lang='lat' dir='ltr'><strong>R.</strong></span> <span class='ocrx_word' id='word_1_45' title='bbox 256 1260 358 1318; x_wconf 89' lang='lat' dir='ltr'><strong>Colore</strong></span> <span class='ocrx_word' id='word_1_46' title='bbox 370 1269 414 1318; x_wconf 88' lang='lat' dir='ltr'><strong>est</strong></span> <span class='ocrx_word' id='word_1_47' title='bbox 427 1261 566 1331; x_wconf 86' lang='lat' dir='ltr'><strong>subflavo,</strong></span> <span class='ocrx_word' id='word_1_48' title='bbox 584 1279 685 1338; x_wconf 89' lang='lat' dir='ltr'><strong>sapore</strong></span> <span class='ocrx_word' id='word_1_49' title='bbox 698 1271 729 1318; x_wconf 89' lang='lat' dir='ltr'><strong>et</strong></span> <span class='ocrx_word' id='word_1_50' title='bbox 741 1261 829 1319; x_wconf 89' lang='lat' dir='ltr'><strong>odore</strong></span> <span class='ocrx_word' id='word_1_51' title='bbox 841 1280 908 1320; x_wconf 84' lang='lat' dir='ltr'><strong>san·</strong></span> 
     </span>
     <span class='ocr_line' id='line_1_10' title="bbox 157 1349 906 1431; baseline 0.005 -22"><span class='ocrx_word' id='word_1_52' title='bbox 157 1353 266 1429; x_wconf 83' lang='lat' dir='ltr'><strong>guinis,</strong></span> <span class='ocrx_word' id='word_1_53' title='bbox 279 1373 421 1431; x_wconf 84' lang='lat' dir='ltr'><strong>syrupum</strong></span> <span class='ocrx_word' id='word_1_54' title='bbox 435 1355 577 1431; x_wconf 86' lang='lat' dir='ltr'><strong>violarum</strong></span> <span class='ocrx_word' id='word_1_55' title='bbox 590 1355 621 1413; x_wconf 89' lang='lat' dir='ltr'><strong>in</strong></span> <span class='ocrx_word' id='word_1_56' title='bbox 639 1354 761 1413; x_wconf 88' lang='lat' dir='ltr'><strong>viridem</strong></span> <span class='ocrx_word' id='word_1_57' title='bbox 772 1349 906 1413; x_wconf 78' lang='lat' dir='ltr'><strong>eonvert-</strong></span> 
     </span>
     <span class='ocr_line' id='line_1_11' title="bbox 155 1444 910 1530; baseline 0.005 -28"><span class='ocrx_word' id='word_1_58' title='bbox 155 1447 189 1514; x_wconf 84' lang='lat' dir='ltr'><strong>it,</strong></span> <span class='ocrx_word' id='word_1_59' title='bbox 215 1447 253 1503; x_wconf 91' lang='lat' dir='ltr'><strong>ad</strong></span> <span class='ocrx_word' id='word_1_60' title='bbox 275 1448 397 1523; x_wconf 83' lang='lat' dir='ltr'><strong>gradum</strong></span> <span class='ocrx_word' id='word_1_61' title='bbox 419 1449 521 1506; x_wconf 79' lang='lat' dir='ltr'><strong>caloris</strong></span> <span class='ocrx_word' id='word_1_62' title='bbox 544 1450 735 1508; x_wconf 84' lang='lat' dir='ltr'><strong>centesimum</strong></span> <span class='ocrx_word' id='word_1_63' title='bbox 761 1444 910 1530; x_wconf 78' lang='lat' dir='ltr'><strong>sexagesi·&#39;</strong></span> 
     </span>
     <span class='ocr_line' id='line_1_12' title="bbox 155 1527 904 1613; baseline 0.004 -16"><span class='ocrx_word' id='word_1_64' title='bbox 155 1527 237 1597; x_wconf 81' lang='lat' dir='ltr'><strong>mum</strong></span> <span class='ocrx_word' id='word_1_65' title='bbox 252 1540 447 1600; x_wconf 78' lang='lat' dir='ltr'><strong>Falarenheitii</strong></span> <span class='ocrx_word' id='word_1_66' title='bbox 460 1543 640 1613; x_wconf 76' lang='lat' dir='ltr'><strong>calefactum,</strong></span> <span class='ocrx_word' id='word_1_67' title='bbox 654 1543 686 1601; x_wconf 90' lang='lat' dir='ltr'><strong>in</strong></span> <span class='ocrx_word' id='word_1_68' title='bbox 699 1561 819 1602; x_wconf 87' lang='lat' dir='ltr'><strong>massam</strong></span> <span class='ocrx_word' id='word_1_69' title='bbox 833 1544 904 1601; x_wconf 87' lang='lat' dir='ltr'><strong>sub-</strong></span> 
     </span>
     <span class='ocr_line' id='line_1_13' title="bbox 154 1632 902 1706; baseline 0.008 -17"><span class='ocrx_word' id='word_1_70' title='bbox 154 1632 282 1692; x_wconf 77' lang='lat' dir='ltr'><strong>albidum</strong></span> <span class='ocrx_word' id='word_1_71' title='bbox 294 1636 352 1694; x_wconf 88' lang='lat' dir='ltr'><strong>eoit</strong></span> <span class='ocrx_word' id='word_1_72' title='bbox 364 1636 430 1695; x_wconf 91' lang='lat' dir='ltr'><strong>albo</strong></span> <span class='ocrx_word' id='word_1_73' title='bbox 443 1637 492 1695; x_wconf 88' lang='lat' dir='ltr'><strong>ovi</strong></span> <span class='ocrx_word' id='word_1_74' title='bbox 512 1638 625 1696; x_wconf 86' lang='lat' dir='ltr'><strong>decocti</strong></span> <span class='ocrx_word' id='word_1_75' title='bbox 637 1636 716 1697; x_wconf 89' lang='lat' dir='ltr'><strong>haud</strong></span> <span class='ocrx_word' id='word_1_76' title='bbox 730 1637 902 1706; x_wconf 74' lang='lat' dir='ltr'><strong>absimilem,</strong></span> 
     </span>
     <span class='ocr_line' id='line_1_14' title="bbox 154 1731 904 1811; baseline 0.004 -25"><span class='ocrx_word' id='word_1_77' title='bbox 154 1748 172 1786; x_wconf 92' lang='lat' dir='ltr'><strong>e</strong></span> <span class='ocrx_word' id='word_1_78' title='bbox 186 1731 243 1806; x_wconf 69' lang='lat' dir='ltr'><strong>qua</strong></span> <span class='ocrx_word' id='word_1_79' title='bbox 255 1734 331 1789; x_wconf 72' lang='lat' dir='ltr'><strong>secta</strong></span> <span class='ocrx_word' id='word_1_80' title='bbox 345 1733 467 1810; x_wconf 84' lang='lat' dir='ltr'><strong>exprimi</strong></span> <span class='ocrx_word' id='word_1_81' title='bbox 478 1742 573 1811; x_wconf 87' lang='lat' dir='ltr'><strong>potest</strong></span> <span class='ocrx_word' id='word_1_82' title='bbox 589 1735 718 1792; x_wconf 80' lang='lat' dir='ltr'><strong>aerorilar</strong></span> <span class='ocrx_word' id='word_1_83' title='bbox 726 1757 739 1803; x_wconf 75' lang='lat'><strong>,0</strong></span> <span class='ocrx_word' id='word_1_84' title='bbox 754 1732 904 1791; x_wconf 90' lang='lat' dir='ltr'><strong>residuum</strong></span> 
     </span>
     <span class='ocr_line' id='line_1_15' title="bbox 154 1825 904 1905; baseline 0.007 -26"><span class='ocrx_word' id='word_1_85' title='bbox 154 1826 231 1901; x_wconf 70' lang='lat' dir='ltr'><strong>aqud</strong></span> <span class='ocrx_word' id='word_1_86' title='bbox 243 1825 373 1884; x_wconf 81' lang='lat' dir='ltr'><strong>fervente</strong></span> <span class='ocrx_word' id='word_1_87' title='bbox 385 1829 460 1886; x_wconf 90' lang='lat' dir='ltr'><strong>bene</strong></span> <span class='ocrx_word' id='word_1_88' title='bbox 474 1828 584 1886; x_wconf 83' lang='lat' dir='ltr'><strong>elotum</strong></span> <span class='ocrx_word' id='word_1_89' title='bbox 597 1827 738 1885; x_wconf 82' lang='lat' dir='ltr'><strong>albumini</strong></span> <span class='ocrx_word' id='word_1_90' title='bbox 751 1825 904 1905; x_wconf 82' lang='lat' dir='ltr'><strong>coagulato</strong></span> 
     </span>
     <span class='ocr_line' id='line_1_16' title="bbox 151 1917 440 1978; baseline 0.014 -4"><span class='ocrx_word' id='word_1_91' title='bbox 151 1917 332 1977; x_wconf 89' lang='lat' dir='ltr'><strong>simillimum</strong></span> <span class='ocrx_word' id='word_1_92' title='bbox 346 1931 396 1978; x_wconf 90' lang='lat' dir='ltr'><strong>est.</strong></span> <span class='ocrx_word' id='word_1_93' title='bbox 438 1966 440 1971; x_wconf 54' lang='grc'><strong><em>,</em></strong></span> 
     </span>
    </p>

    <p class='ocr_par' dir='ltr' id='par_1_7' title="bbox 152 2011 901 2164">
     <span class='ocr_line' id='line_1_17' title="bbox 194 2011 901 2094; baseline 0.004 -25"><span class='ocrx_word' id='word_1_94' title='bbox 194 2011 228 2077; x_wconf 80' lang='lat' dir='ltr'><strong>Q.</strong></span> <span class='ocrx_word' id='word_1_95' title='bbox 249 2012 330 2082; x_wconf 87' lang='lat' dir='ltr'><strong>Quot</strong></span> <span class='ocrx_word' id='word_1_96' title='bbox 343 2014 471 2072; x_wconf 86' lang='lat' dir='ltr'><strong>chemica</strong></span> <span class='ocrx_word' id='word_1_97' title='bbox 483 2017 627 2094; x_wconf 82' lang='lat' dir='ltr'><strong>principia</strong></span> <span class='ocrx_word' id='word_1_98' title='bbox 636 2018 667 2076; x_wconf 93' lang='lat' dir='ltr'><strong>in</strong></span> <span class='ocrx_word' id='word_1_99' title='bbox 677 2035 741 2076; x_wconf 92' lang='lat' dir='ltr'><strong>sero</strong></span> <span class='ocrx_word' id='word_1_100' title='bbox 752 2016 901 2094; x_wconf 81' lang='lat' dir='ltr'><strong>sanguinis</strong></span> 
     </span>
     <span class='ocr_line' id='line_1_18' title="bbox 152 2104 367 2164; baseline 0.019 -4"><span class='ocrx_word' id='word_1_101' title='bbox 152 2104 267 2162; x_wconf 86' lang='lat' dir='ltr'><strong>detecta</strong></span> <span class='ocrx_word' id='word_1_102' title='bbox 280 2108 367 2164; x_wconf 82' lang='lat' dir='ltr'><strong>sunt?</strong></span> 
     </span>
    </p>

    <p class='ocr_par' dir='ltr' id='par_1_8' title="bbox 150 2198 901 2566">
     <span class='ocr_line' id='line_1_19' title="bbox 191 2198 901 2282; baseline 0.008 -27"><span class='ocrx_word' id='word_1_103' title='bbox 191 2198 230 2256; x_wconf 83' lang='lat' dir='ltr'><strong>R.</strong></span> <span class='ocrx_word' id='word_1_104' title='bbox 251 2200 408 2272; x_wconf 87' lang='lat' dir='ltr'><strong>Albumen,</strong></span> <span class='ocrx_word' id='word_1_105' title='bbox 422 2203 534 2262; x_wconf 85' lang='lat' dir='ltr'><strong>Murias</strong></span> <span class='ocrx_word' id='word_1_106' title='bbox 548 2205 691 2276; x_wconf 85' lang='lat' dir='ltr'><strong>Potassae,</strong></span> <span class='ocrx_word' id='word_1_107' title='bbox 706 2204 831 2282; x_wconf 86' lang='lat' dir='ltr'><strong>Sulpbas</strong></span> <span class='ocrx_word' id='word_1_108' title='bbox 845 2205 901 2262; x_wconf 85' lang='lat' dir='ltr'><strong>Po-</strong></span> 
     </span>
     <span class='ocr_line' id='line_1_20' title="bbox 150 2293 901 2377; baseline 0.011 -28"><span class='ocrx_word' id='word_1_109' title='bbox 150 2303 252 2360; x_wconf 85' lang='lat' dir='ltr'><strong>tassae,</strong></span> <span class='ocrx_word' id='word_1_110' title='bbox 268 2293 380 2353; x_wconf 83' lang='lat' dir='ltr'><strong>Murias</strong></span> <span class='ocrx_word' id='word_1_111' title='bbox 393 2296 495 2368; x_wconf 87' lang='lat' dir='ltr'><strong>Sodae,</strong></span> <span class='ocrx_word' id='word_1_112' title='bbox 511 2298 617 2358; x_wconf 71' lang='lat' dir='ltr'><strong>Lautus</strong></span> <span class='ocrx_word' id='word_1_113' title='bbox 634 2299 736 2369; x_wconf 79' lang='lat' dir='ltr'><strong>Sosiae,</strong></span> <span class='ocrx_word' id='word_1_114' title='bbox 751 2298 901 2377; x_wconf 82' lang='lat' dir='ltr'><strong>Phosphas</strong></span> 
     </span>
     <span class='ocr_line' id='line_1_21' title="bbox 152 2387 899 2469; baseline 0.008 -25"><span class='ocrx_word' id='word_1_115' title='bbox 152 2387 253 2456; x_wconf 86' lang='lat' dir='ltr'><strong>Sodae,</strong></span> <span class='ocrx_word' id='word_1_116' title='bbox 268 2389 489 2450; x_wconf 85' lang='lat' dir='ltr'><strong>Sub-Carbonas</strong></span> <span class='ocrx_word' id='word_1_117' title='bbox 502 2393 604 2469; x_wconf 81' lang='lat' dir='ltr'><strong>Sodae,</strong></span> <span class='ocrx_word' id='word_1_118' title='bbox 619 2393 743 2452; x_wconf 86' lang='lat' dir='ltr'><strong>Materia</strong></span> <span class='ocrx_word' id='word_1_119' title='bbox 753 2393 899 2452; x_wconf 79' lang='lat' dir='ltr'><strong>Animalia</strong></span> 
     </span>
     <span class='ocr_line' id='line_1_22' title="bbox 150 2484 695 2566; baseline 0.017 -28"><span class='ocrx_word' id='word_1_120' title='bbox 150 2500 202 2539; x_wconf 89' lang='lat' dir='ltr'><strong>seu</strong></span> <span class='ocrx_word' id='word_1_121' title='bbox 216 2484 503 2555; x_wconf 62' lang='lat' dir='ltr'><strong>Mum-Extuomne,</strong></span> <span class='ocrx_word' id='word_1_122' title='bbox 518 2498 548 2546; x_wconf 88' lang='lat' dir='ltr'><strong>et</strong></span> <span class='ocrx_word' id='word_1_123' title='bbox 560 2488 695 2566; x_wconf 89' lang='lat' dir='ltr'><strong>Sulphur.</strong></span> 
     </span>
    </p>

    <p class='ocr_par' dir='ltr' id='par_1_9' title="bbox 193 2577 752 2650">
     <span class='ocr_line' id='line_1_23' title="bbox 193 2577 752 2650; baseline 0.011 -16"><span class='ocrx_word' id='word_1_124' title='bbox 193 2577 225 2644; x_wconf 78' lang='lat' dir='ltr'><strong>Q.</strong></span> <span class='ocrx_word' id='word_1_125' title='bbox 248 2578 328 2650; x_wconf 87' lang='lat' dir='ltr'><strong>Quid</strong></span> <span class='ocrx_word' id='word_1_126' title='bbox 343 2579 381 2637; x_wconf 87' lang='lat' dir='ltr'><strong>de</strong></span> <span class='ocrx_word' id='word_1_127' title='bbox 394 2591 586 2640; x_wconf 82' lang='lat' dir='ltr'><strong>crassamento</strong></span> <span class='ocrx_word' id='word_1_128' title='bbox 598 2584 752 2642; x_wconf 79' lang='lat' dir='ltr'><strong>observas?</strong></span> 
     </span>
    </p>

    <p class='ocr_par' dir='ltr' id='par_1_10' title="bbox 128 2670 900 2849">
     <span class='ocr_line' id='line_1_24' title="bbox 128 2670 900 2755; baseline 0.008 -27"><span class='ocrx_word' id='word_1_129' title='bbox 128 2670 133 2680; x_wconf 87' lang='grc'><em>“</em></span> <span class='ocrx_word' id='word_1_130' title='bbox 190 2671 229 2728; x_wconf 83' lang='lat' dir='ltr'><strong>R.</strong></span> <span class='ocrx_word' id='word_1_131' title='bbox 256 2673 492 2733; x_wconf 84' lang='lat' dir='ltr'><strong>Crassamentum</strong></span> <span class='ocrx_word' id='word_1_132' title='bbox 521 2687 604 2755; x_wconf 85' lang='lat' dir='ltr'><strong>parte</strong></span> <span class='ocrx_word' id='word_1_133' title='bbox 628 2676 716 2736; x_wconf 84' lang='lat' dir='ltr'><strong>horae</strong></span> <span class='ocrx_word' id='word_1_134' title='bbox 741 2679 823 2735; x_wconf 77' lang='lat' dir='ltr'><strong>sexui</strong></span> <span class='ocrx_word' id='word_1_135' title='bbox 847 2677 900 2734; x_wconf 71' lang='lat' dir='ltr'><strong>sud</strong></span> 
     </span>
     <span class='ocr_line' id='line_1_25' title="bbox 149 2765 898 2849; baseline 0.013 -32"><span class='ocrx_word' id='word_1_136' title='bbox 149 2772 253 2838; x_wconf 82' lang='lat' dir='ltr'><strong>sponte</strong></span> <span class='ocrx_word' id='word_1_137' title='bbox 272 2768 427 2845; x_wconf 81' lang='lat' dir='ltr'><strong>coagulat3</strong></span> <span class='ocrx_word' id='word_1_138' title='bbox 450 2771 553 2829; x_wconf 85' lang='lat' dir='ltr'><strong>rubros</strong></span> <span class='ocrx_word' id='word_1_139' title='bbox 572 2771 715 2849; x_wconf 82' lang='lat' dir='ltr'><strong>globulos,</strong></span> <span class='ocrx_word' id='word_1_140' title='bbox 738 2770 770 2828; x_wconf 92' lang='lat' dir='ltr'><strong>in</strong></span> <span class='ocrx_word' id='word_1_141' title='bbox 791 2765 898 2848; x_wconf 79' lang='lat' dir='ltr'><strong>quibus</strong></span> 
     </span>
    </p>
   </div>
   <div class='ocr_carea' id='block_1_4' title="bbox 147 2855 897 3029">
    <p class='ocr_par' dir='ltr' id='par_1_11' title="bbox 147 2855 897 3029">
     <span class='ocr_line' id='line_1_26' title="bbox 148 2855 897 2944; baseline 0.015 -33"><span class='ocrx_word' id='word_1_142' title='bbox 148 2855 226 2913; x_wconf 87' lang='lat' dir='ltr'><strong>color</strong></span> <span class='ocrx_word' id='word_1_143' title='bbox 238 2857 341 2917; x_wconf 76' lang='lat' dir='ltr'><strong>nititur·</strong></span> <span class='ocrx_word' id='word_1_144' title='bbox 348 2885 359 2931; x_wconf 81' lang='lat'><em>3</em></span> <span class='ocrx_word' id='word_1_145' title='bbox 372 2873 402 2921; x_wconf 91' lang='lat' dir='ltr'><strong>et</strong></span> <span class='ocrx_word' id='word_1_146' title='bbox 411 2863 560 2925; x_wconf 78' lang='lat' dir='ltr'><strong>Fibrinam</strong></span> <span class='ocrx_word' id='word_1_147' title='bbox 570 2866 709 2937; x_wconf 85' lang='lat' dir='ltr'><strong>continet,</strong></span> <span class='ocrx_word' id='word_1_148' title='bbox 725 2866 897 2944; x_wconf 85' lang='lat' dir='ltr'><strong>quae&#39;causa</strong></span> 
     </span>
     <span class='ocr_line' id='line_1_27' title="bbox 147 2953 516 3029; baseline 0.033 -22"><span class='ocrx_word' id='word_1_149' title='bbox 147 2958 191 3008; x_wconf 86' lang='lat' dir='ltr'><strong>est</strong></span> <span class='ocrx_word' id='word_1_150' title='bbox 204 2953 415 3029; x_wconf 82' lang='lat' dir='ltr'><strong>coagulationis.</strong></span> <span class='ocrx_word' id='word_1_151' title='bbox 514 3016 516 3019; x_wconf 82' lang='grc'><strong>,</strong></span> 
     </span>
    </p>
   </div>
   <div class='ocr_carea' id='block_1_5' title="bbox 0 0 1004 3450">
    <p class='ocr_par' dir='ltr' id='par_1_12' title="bbox 0 0 1004 3450">
     <span class='ocr_line' id='line_1_28' title="bbox 0 0 1004 3450; baseline 0 4"><span class='ocrx_word' id='word_1_152' title='bbox 0 0 1004 3450; x_wconf 95' lang='lat' dir='ltr'><strong> </strong></span> 
     </span>
    </p>
   </div>
  </div>
 </body>
</html>
