2000 3450
291 2 316 36 Ψ

282 251 378 294 aunan
392 228 577 295 §memnon
742 242 798 306 109

55 376 138 435 onitu
147 375 300 434 formanda
312 367 377 447 est3‘
389 394 483 454 porro,
491 370 595 455 magns
608 378 689 454 copia
702 376 797 437 Fibri-

54 489 110 529 nae
122 469 163 527 ad
174 478 270 547 partes
287 470 400 529 vitiatas
418 471 612 529 musculorum
631 471 797 530 reficiendas

54 563 178 621 omnino
202 564 359 622 necessaria
380 573 433 623 est.
473 564 590 623 Fibrina
614 565 706 624 multo
729 566 796 644 plus

56 657 223 734 Nitrogenii
247 656 344 717 minus
367 665 469 716 'autem
499 658 635 716 Carbonii
659 658 794 729 eontinet,

56 750 145 828 quaint
155 749 219 807 alia.
240 750 388 808 Praeterea
396 751 428 807 in
435 747 545 810 arteriis
553 752 689 811 extremis
697 761 727 810 et
735 772 796 809 om·

56 842 216 913 niasolida‚
229 857 259 901 et
269 841 544 915 fluidaformantu13
564 845 615 916 ibi,
629 845 697 923 quia
706 856 796 904 mata-
883 900 889 910 ,

57 937 115 994 riae
133 935 273 994 animales
286 937 446 1013 portionem
461 938 625 1016 Nitrogenii
637 939 745 1016 largam
765 948 796 997 et

56 1030 195 1090 cerbonii
208 1029 302 1088 multo
313 1030 452 1089 minorem
466 1050 520 1107 pro
532 1032 734 1090 constitutione
742 1052 795 1093 siaa

56 1125 220 1201 requirunt,
243 1122 420 1182 Carbonium
441 1124 531 1199 igitur
550 1124 689 1181 liberatur
709 1123 740 1182 et
762 1126 795 1184 in

57 1235 144 1275 senas
164 1234 230 1273 cum
248 1216 389 1323 sanguine
406 1215 517 1285 transit,
537 1216 628 1293 magis
646 1217 795 1294 magisque

56 1311 88 1368 in
98 1310 223 1369 circuitu
235 1309 384 1387 sanguinis
396 1308 565 1378 accumulat,
578 1309 670 1368 donec
678 1309 716 1367 sd
728 1310 794 1387 pul-

56 1421 257 1480 monesusque
268 1402 356 1461 venit.

97 1499 131 1567 Q,
152 1498 258 1556 Nonne
267 1496 414 1574 respiratio
424 1497 591 1575 tempenem
600 1516 726 1578 eoa-pons
734 1516 791 1557 ser

56 1598 126 1653 vat?

94 1689 132 1748 R
154 1687 276 1747 Minime
284 1685 407 1746 dubium
414 1692 467 1755 est,
481 1685 553 1763 quin
562 1685 710 1764 respiratio
719 1693 792 1745 tem·

55 1782 145 1863 pei-iai
157 1781 442 1858 eorporisminiatret.

95 1877 132 1943 Q.
153 1874 307 1947 Quomodo
325 1873 475 1951 respiratio
498 1874 621 1933 calorem
640 1872 791 1931 animalem

57 1972 181 2030 movet?

93 2066 131 2123 R.
153 2061 313 2141 Respiratio
331 2061 457 2122 Acidum
474 2020 692 2122 Carbonioum
683 2080 714 2118 m
726 2062 792 2140 pul·

55 2158 189 2217 monibus
200 2164 326 2234 generat,
347 2156 425 2233 quod
437 2156 621 2234 capacitatem
633 2155 671 2216 ad
686 2138 793 2215 Colori-
840 2202 842 2205 .

55 2273 115 2312 cam
138 2250 326 2313 retinendum
345 2249 505 2328 specificam
530 2251 671 2308 minorem
696 2249 792 2320 habet,
871 2284 877 2298 ·

56 2347 143 2425 quam
155 2344 344 2422 Oxygenium
356 2344 446 2414 a'e'ris3
464 2343 562 2421 itaque
581 2342 743 2404 Coloricum
762 2360 792 2397 e·

55 2441 191 2510 volvitur,
204 2439 283 2517 quod
295 2438 391 2498 statim
401 2440 540 2518 sanguine
552 2438 728 2496 absorbetur.

95 2532 130 2598 Q.
150 2532 257 2592 Nonne
269 2532 325 2590 boo
341 2531 407 2609 plus
426 2531 528 2590 caloris
546 2530 578 2586 in
597 2526 793 2607 pulmonibus,

56 2645 142 2704 quam
154 2626 188 2684 in
200 2625 318 2684 materis
330 2625 460 2702 partibus
472 2622 599 2700 eorporis
612 2621 730 2679 movet?

94 2720 132 2777 R.
146 2718 230 2790 Non3
242 2736 308 2775 nam
320 2717 474 2776 Coloricum
482 2735 519 2774 ex
532 2711 701 2772 formatione
711 2713 795 2773 Acidi

56 2813 207 2873 Carbonici
224 2811 371 2873 evolutum
390 2811 522 2889 protinus
540 2808 570 2867 in
590 2825 710 2868 massam
729 2827 794 2868 sau.

378 2914 395 2954 ι
716 2912 718 2917 .
