2000 3450
179 224 217 285 76
400 238 691 302 uersarmusussr.

179 363 271 440 figura
287 364 393 422 ossium
412 364 640 443 spongiosomm,
654 361 838 441 'superficiem
855 368 920 423 nasi

178 456 322 514 internam
333 457 456 515 maxime
466 466 582 535 augent.
670 532 673 536 ἵ

220 548 255 614 Q·
276 550 356 610 Num
368 551 535 612 membrana
546 558 641 626 partes
650 548 714 607 illas
726 550 820 628 tegit?

218 643 256 701 R.
277 644 373 703 Omne
385 663 487 703 cavum
504 644 574 711 nasi,
594 655 750 719 omnesque
763 643 921 713 bossinus,

180 737 322 815 tubasque
334 747 365 796 et
376 737 489 806 ducms,
510 736 675 812 membrana
693 735 838 813 pituitaria
857 737 921 795 sive

181 829 402 889 Schneider-iana
413 829 578 889 mollissima
592 848 627 888 ac
645 828 860 898 delicatissima,
873 841 921 886 ra-

180 922 324 1000 maliaque
339 941 503 994 nervorum,
522 922 675 1000 praecipue
691 922 782 999 primi
789 930 819 980 et
830 912 921 981 etiam

181 1016 275 1093 quinti
284 1016 360 1092 paris
371 1017 475 1074 referta
483 1016 611 1075 obducit.

220 1110 256 1176 Q.
277 1111 382 1169 Nonne
393 1129 496 1169 mucus
508 1110 551 1170 ibi
563 1108 740 1169 secernitur?

220 1205 259 1263 R.
279 1204 339 1263 Sub
352 1205 518 1263 membrana
530 1203 677 1282 pituitarii
692 1202 837 1281 glandulis
856 1202 920 1262 sive

179 1298 323 1368 folliculis,
344 1306 377 1355 ut
394 1294 541 1365 uocantur,
560 1315 663 1355 mucus
681 1297 846 1364 secernitur,
866 1297 921 1374 qui

180 1391 375 1450 membranam
387 1409 451 1447 eam
467 1388 628 1459 madefacit,
648 1390 834 1467 surculosque
851 1408 921 1448 ner·

180 1500 282 1540 vorum
294 1477 332 1539 ad
340 1482 541 1559 impressiones
549 1482 670 1541 odorum
679 1483 857 1561 accipiendas
866 1503 920 1561 ap-

180 1575 304 1634 tissimos
326 1584 424 1647 teuet;
451 1575 560 1634 sinibus
582 1584 679 1634 tamen
700 1577 820 1653 parcior,
846 1596 919 1634 cavo

180 1680 276 1729 autem
289 1672 350 1730 nasi
362 1670 452 1749 ipsius
463 1665 555 1729 multo
568 1665 706 1746 copiosior
715 1680 768 1741 est,
787 1680 817 1730 et
828 1670 920 1730 inter-

181 1765 252 1824 dum
264 1785 281 1823 e
293 1766 409 1825 naribus
422 1765 494 1823 fluit
548 1810 551 1815 .
599 1836 602 1841 Ι
652 1807 657 1815 .

220 1861 255 1926 Q.
276 1860 390 1937 Quibus
396 1859 483 1917 rebus
496 1878 581 1919 nasus
591 1856 653 1938 ipse
662 1850 692 1918 et
701 1853 781 1918 sidus
791 1876 856 1918 cum
867 1858 919 1917 illo

180 1947 326 2036 conjuncti
338 1944 521 2012 inserviunt?

218 2046 256 2104 R.
276 2038 371 2104 Nasus
380 2036 575 2124 ipseorgauon
584 2046 704 2107 olfactis
712 2048 839 2125 primum
848 2066 918 2106 con·

179 2139 282 2210 stituit,
298 2139 440 2216 viamque,
459 2144 517 2217 qua
536 2139 648 2217 saepius
665 2152 696 2200 et
716 2140 748 2197 in
770 2140 869 2218 vigilia
885 2149 917 2198 et

179 2253 280 2294 somno
305 2234 438 2312 spiritum
464 2235 604 2293 trahimus
631 2248 719 2312 atquc
747 2235 914 2303 emittimus,

177 2318 296 2409 Praebet
303 2353 315 2401 3
334 2349 433 2388 vocem
446 2350 561 2409 quoque
573 2329 700 2407 adjuvat,
721 2347 755 2386 ac
768 2326 916 2385 clariorem

178 2423 282 2481 reddit.
321 2423 406 2482 Sinus
427 2443 497 2481 naso
516 2422 603 2479 vicini
624 2420 698 2478 nihil
720 2418 835 2478 olfactui
852 2418 915 2475 nom

178 2518 307 2576 conferre
333 2519 475 2586 videntur,
499 2515 650 2593 praecipue
673 2512 769 2571 autem
791 2511 915 2590 spatium

179 2611 307 2688 amplum
320 2611 398 2681 dant,
418 2630 477 2689 quo
488 2628 576 2666 sonus
588 2609 794 2677 reverberetur,
814 2614 844 2663 et
861 2604 914 2662 eti-

178 2722 225 2759 am
238 2715 384 2780 augeatur,
399 2723 512 2780 voxque
531 2703 623 2760 multo
644 2694 736 2782 magis
756 2718 859 2760 sonora
871 2707 913 2754 at-

180 2814 236 2873 que
249 2794 381 2857 distincta
393 2797 540 2856 reddatur.
